<?xml version="1.0" encoding="UTF-8"?>
<!DOCTYPE html PUBLIC "-//W3C//DTD XHTML 1.0 Transitional//EN"
    "http://www.w3.org/TR/xhtml1/DTD/xhtml1-transitional.dtd">
<html xmlns="http://www.w3.org/1999/xhtml" xml:lang="en" lang="en">
 <head>
  <title>
</title>
<meta http-equiv="Content-Type" content="text/html;charset=utf-8" />
  <meta name='ocr-system' content='tesseract 3.04.00' />
  <meta name='ocr-capabilities' content='ocr_page ocr_carea ocr_par ocr_line ocrx_word'/>
</head>
<body>
  <div class='ocr_page' id='page_1' title='image "./dephilostratoru00matzgoog_0017.png"; bbox 0 0 2840 4910; ppageno 0'>
   <div class='ocr_carea' id='block_1_1' title="bbox 757 327 777 387">
    <p class='ocr_par' dir='ltr' id='par_1_1' title="bbox 757 327 777 387">
     <span class='ocr_line' id='line_1_1' title="bbox 757 327 777 387; baseline 0 0"><span class='ocrx_word' id='word_1_1' title='bbox 757 327 777 387; x_wconf 85' lang='lat'>8</span> 
     </span>
    </p>
   </div>
   <div class='ocr_carea' id='block_1_2' title="bbox 208 505 1402 2878">
    <p class='ocr_par' dir='ltr' id='par_1_2' title="bbox 208 505 1396 1036">
     <span class='ocr_line' id='line_1_2' title="bbox 208 505 1309 598; baseline -0.006 -24"><span class='ocrx_word' id='word_1_2' title='bbox 208 509 303 580; x_wconf 84' lang='lat' dir='ltr'><strong>dicit</strong></span> <span class='ocrx_word' id='word_1_3' title='bbox 319 511 557 598; x_wconf 84' lang='lat' dir='ltr'><strong>ecphrastioam</strong></span> <span class='ocrx_word' id='word_1_4' title='bbox 578 519 648 576; x_wconf 79' lang='lat' dir='ltr'><strong>orat</strong></span> <span class='ocrx_word' id='word_1_5' title='bbox 650 508 733 574; x_wconf 89' lang='lat' dir='ltr'><strong>ionis</strong></span> <span class='ocrx_word' id='word_1_6' title='bbox 756 509 910 576; x_wconf 89' lang='lat' dir='ltr'><strong>virtutem</strong></span> <span class='ocrx_word' id='word_1_7' title='bbox 936 527 1004 574; x_wconf 85' lang='lat' dir='ltr'><strong>uon</strong></span> <span class='ocrx_word' id='word_1_8' title='bbox 1020 505 1214 572; x_wconf 77' lang='lat' dir='ltr'><strong>debiliorem</strong></span> <span class='ocrx_word' id='word_1_9' title='bbox 1236 521 1309 568; x_wconf 86' lang='lat' dir='ltr'><strong>esse</strong></span> 
     </span>
     <span class='ocr_line' id='line_1_3' title="bbox 210 609 1310 706; baseline -0.008 -23"><span class='ocrx_word' id='word_1_10' title='bbox 210 639 317 706; x_wconf 83' lang='lat' dir='ltr'><strong>:quam</strong></span> <span class='ocrx_word' id='word_1_11' title='bbox 348 616 512 684; x_wconf 87' lang='lat' dir='ltr'><strong>artificum</strong></span> <span class='ocrx_word' id='word_1_12' title='bbox 544 639 687 700; x_wconf 70' lang='lat' dir='ltr'><strong>manum,</strong></span> <span class='ocrx_word' id='word_1_13' title='bbox 721 637 827 703; x_wconf 86' lang='lat' dir='ltr'><strong>neque</strong></span> <span class='ocrx_word' id='word_1_14' title='bbox 860 615 956 682; x_wconf 87' lang='lat' dir='ltr'><strong>aliter</strong></span> <span class='ocrx_word' id='word_1_15' title='bbox 987 613 1108 680; x_wconf 87' lang='lat' dir='ltr'><strong>iudicat</strong></span> <span class='ocrx_word' id='word_1_16' title='bbox 1140 609 1310 678; x_wconf 82' lang='lat' dir='ltr'>Himerius</span> 
     </span>
     <span class='ocr_line' id='line_1_4' title="bbox 218 723 1395 866; baseline -0.004 -76"><span class='ocrx_word' id='word_1_17' title='bbox 218 729 278 807; x_wconf 91' lang='lat' dir='ltr'><strong>(or.</strong></span> <span class='ocrx_word' id='word_1_18' title='bbox 304 724 442 806; x_wconf 84' lang='lat' dir='ltr'>XXVI</span> <span class='ocrx_word' id='word_1_19' title='bbox 427 727 480 810; x_wconf 87' lang='lat'><strong>1),</strong></span> <span class='ocrx_word' id='word_1_20' title='bbox 512 727 567 816; x_wconf 88' lang='lat' dir='ltr'><strong>qui</strong></span> <span class='ocrx_word' id='word_1_21' title='bbox 589 725 738 808; x_wconf 80' lang='lat' dir='ltr'><strong>affirmat,</strong></span> <span class='ocrx_word' id='word_1_22' title='bbox 763 725 851 792; x_wconf 91' lang='lat' dir='ltr'><strong>idom</strong></span> <span class='ocrx_word' id='word_1_23' title='bbox 875 725 984 790; x_wconf 86' lang='lat' dir='ltr'><strong>valere</strong></span> <span class='ocrx_word' id='word_1_24' title='bbox 1006 723 1189 790; x_wconf 86' lang='lat' dir='ltr'><strong>orationem</strong></span> <span class='ocrx_word' id='word_1_25' title='bbox 1208 729 1309 805; x_wconf 86' lang='lat' dir='ltr'><strong>atque</strong></span> <span class='ocrx_word' id='word_1_26' title='bbox 1393 726 1395 866; x_wconf 49' lang='lat' dir='ltr'><strong>p</strong></span> 
     </span>
     <span class='ocr_line' id='line_1_5' title="bbox 209 809 1309 924; baseline -0.003 -28"><span class='ocrx_word' id='word_1_27' title='bbox 209 809 426 924; x_wconf 51' lang='lat' dir='ltr'><strong>&#39;picturamf</strong></span> <span class='ocrx_word' id='word_1_28' title='bbox 417 855 516 900; x_wconf 84' lang='lat' dir='ltr'><strong>rmmo</strong></span> <span class='ocrx_word' id='word_1_29' title='bbox 538 854 669 900; x_wconf 86' lang='lat' dir='ltr'><strong>omnem</strong></span> <span class='ocrx_word' id='word_1_30' title='bbox 688 842 820 900; x_wconf 85' lang='lat' dir='ltr'><strong>naturae</strong></span> <span class='ocrx_word' id='word_1_31' title='bbox 843 833 1057 900; x_wconf 87' lang='lat' dir='ltr'><strong>imitationem</strong></span> <span class='ocrx_word' id='word_1_32' title='bbox 1081 832 1115 899; x_wconf 89' lang='lat' dir='ltr'><strong>in</strong></span> <span class='ocrx_word' id='word_1_33' title='bbox 1117 831 1167 896; x_wconf 90' lang='lat' dir='ltr'><strong>fra</strong></span> <span class='ocrx_word' id='word_1_34' title='bbox 1190 827 1309 894; x_wconf 89' lang='lat' dir='ltr'><strong>oratio-</strong></span> 
     </span>
     <span class='ocr_line' id='line_1_6' title="bbox 218 896 1396 1036; baseline 0 -31"><span class='ocrx_word' id='word_1_35' title='bbox 218 962 295 1008; x_wconf 90' lang='lat' dir='ltr'><strong>nem</strong></span> <span class='ocrx_word' id='word_1_36' title='bbox 316 925 527 1009; x_wconf 58' lang='lat' dir='ltr'><strong>consisteret</strong></span> <span class='ocrx_word' id='word_1_37' title='bbox 1394 896 1396 1036; x_wconf 68' lang='lat' dir='ltr'><strong>l</strong></span> 
     </span>
    </p>

    <p class='ocr_par' dir='ltr' id='par_1_3' title="bbox 211 1048 1402 2116">
     <span class='ocr_line' id='line_1_7' title="bbox 317 1048 1311 1138; baseline -0.007 -18"><span class='ocrx_word' id='word_1_38' title='bbox 317 1048 386 1132; x_wconf 83' lang='lat' dir='ltr'><strong>Sic,</strong></span> <span class='ocrx_word' id='word_1_39' title='bbox 409 1072 482 1116; x_wconf 91' lang='lat' dir='ltr'><strong>cum</strong></span> <span class='ocrx_word' id='word_1_40' title='bbox 504 1050 655 1137; x_wconf 88' lang='lat' dir='ltr'><strong>fereper</strong></span> <span class='ocrx_word' id='word_1_41' title='bbox 677 1061 801 1118; x_wconf 88' lang='lat' dir='ltr'><strong>certam</strong></span> <span class='ocrx_word' id='word_1_42' title='bbox 821 1050 1048 1138; x_wconf 81' lang='lat' dir='ltr'><strong>gradationem</strong></span> <span class='ocrx_word' id='word_1_43' title='bbox 1071 1057 1231 1136; x_wconf 80' lang='lat' dir='ltr'><strong>augeatur</strong></span> <span class='ocrx_word' id='word_1_44' title='bbox 1259 1068 1311 1116; x_wconf 92' lang='lat' dir='ltr'><strong>so-</strong></span> 
     </span>
     <span class='ocr_line' id='line_1_8' title="bbox 218 1157 1310 1244; baseline 0.002 -20"><span class='ocrx_word' id='word_1_45' title='bbox 218 1157 399 1244; x_wconf 84' lang='lat' dir='ltr'><strong>phistarum</strong></span> <span class='ocrx_word' id='word_1_46' title='bbox 422 1159 569 1244; x_wconf 87' lang='lat' dir='ltr'><strong>audacia,</strong></span> <span class='ocrx_word' id='word_1_47' title='bbox 590 1160 677 1228; x_wconf 88' lang='lat' dir='ltr'><strong>haud</strong></span> <span class='ocrx_word' id='word_1_48' title='bbox 699 1162 764 1228; x_wconf 87' lang='lat' dir='ltr'><strong>scio</strong></span> <span class='ocrx_word' id='word_1_49' title='bbox 787 1184 829 1228; x_wconf 90' lang='lat' dir='ltr'><strong>an</strong></span> <span class='ocrx_word' id='word_1_50' title='bbox 851 1163 949 1228; x_wconf 87' lang='lat' dir='ltr'><strong>etiam</strong></span> <span class='ocrx_word' id='word_1_51' title='bbox 961 1160 1172 1229; x_wconf 86' lang='lat' dir='ltr'><strong>verisimilior</strong></span> <span class='ocrx_word' id='word_1_52' title='bbox 1194 1157 1310 1227; x_wconf 85' lang='lat' dir='ltr'><strong>redda-</strong></span> 
     </span>
     <span class='ocr_line' id='line_1_9' title="bbox 219 1255 1311 1358; baseline 0.004 -28"><span class='ocrx_word' id='word_1_53' title='bbox 219 1274 282 1345; x_wconf 91' lang='lat' dir='ltr'><strong>tur,</strong></span> <span class='ocrx_word' id='word_1_54' title='bbox 308 1288 404 1352; x_wconf 89' lang='lat' dir='ltr'><strong>quam</strong></span> <span class='ocrx_word' id='word_1_55' title='bbox 425 1277 522 1333; x_wconf 84' lang='lat' dir='ltr'><strong>antea</strong></span> <span class='ocrx_word' id='word_1_56' title='bbox 536 1267 577 1333; x_wconf 90' lang='lat' dir='ltr'><strong>de</strong></span> <span class='ocrx_word' id='word_1_57' title='bbox 599 1255 759 1358; x_wconf 81' lang='lat' dir='ltr'><strong>tempore,</strong></span> <span class='ocrx_word' id='word_1_58' title='bbox 780 1270 830 1334; x_wconf 91' lang='lat' dir='ltr'><strong>oui</strong></span> <span class='ocrx_word' id='word_1_59' title='bbox 853 1269 915 1336; x_wconf 92' lang='lat' dir='ltr'><strong>hoc</strong></span> <span class='ocrx_word' id='word_1_60' title='bbox 932 1268 1311 1358; x_wconf 76' lang='lat' dir='ltr'><strong>descriptionumgeuus</strong></span> 
     </span>
     <span class='ocr_line' id='line_1_10' title="bbox 220 1375 1311 1468; baseline 0 -28"><span class='ocrx_word' id='word_1_61' title='bbox 220 1375 380 1460; x_wconf 83' lang='lat' dir='ltr'><strong>originem</strong></span> <span class='ocrx_word' id='word_1_62' title='bbox 401 1375 530 1463; x_wconf 89' lang='lat' dir='ltr'><strong>debeat,</strong></span> <span class='ocrx_word' id='word_1_63' title='bbox 550 1377 615 1444; x_wconf 87' lang='lat' dir='ltr'><strong>feci</strong></span> <span class='ocrx_word' id='word_1_64' title='bbox 637 1378 867 1446; x_wconf 86' lang='lat' dir='ltr'><strong>coniecturam.</strong></span> <span class='ocrx_word' id='word_1_65' title='bbox 910 1399 1017 1468; x_wconf 88' lang='lat' dir='ltr'><strong>neque</strong></span> <span class='ocrx_word' id='word_1_66' title='bbox 1043 1378 1124 1445; x_wconf 83' lang='lat' dir='ltr'><strong>haec</strong></span> <span class='ocrx_word' id='word_1_67' title='bbox 1147 1375 1311 1445; x_wconf 79' lang='lat' dir='ltr'><strong>refellitur</strong></span> 
     </span>
     <span class='ocr_line' id='line_1_11' title="bbox 219 1484 1310 1582; baseline 0.002 -34"><span class='ocrx_word' id='word_1_68' title='bbox 219 1503 280 1609; x_wconf 86' lang='lat' dir='ltr'><strong>eo,</strong></span> <span class='ocrx_word' id='word_1_69' title='bbox 310 1484 397 1570; x_wconf 90' lang='lat' dir='ltr'><strong>quod</strong></span> <span class='ocrx_word' id='word_1_70' title='bbox 423 1485 542 1582; x_wconf 86' lang='lat' dir='ltr'><strong>Suidas</strong></span> <span class='ocrx_word' id='word_1_71' title='bbox 575 1486 616 1552; x_wconf 91' lang='lat' dir='ltr'><strong>de</strong></span> <span class='ocrx_word' id='word_1_72' title='bbox 645 1487 835 1576; x_wconf 88' lang='lat' dir='ltr'><strong>Pamphilo</strong></span> <span class='ocrx_word' id='word_1_73' title='bbox 850 1487 990 1576; x_wconf 89' lang='lat' dir='ltr'><strong>quodam</strong></span> <span class='ocrx_word' id='word_1_74' title='bbox 1021 1485 1138 1573; x_wconf 79' lang='lat' dir='ltr'><strong>tradit,</strong></span> <span class='ocrx_word' id='word_1_75' title='bbox 1162 1484 1310 1550; x_wconf 89' lang='lat' dir='ltr'><strong>referens</strong></span> 
     </span>
     <span class='ocr_line' id='line_1_12' title="bbox 218 1583 1311 1688; baseline -0.002 -30"><span class='ocrx_word' id='word_1_76' title='bbox 218 1583 410 1688; x_wconf 73' lang='lat' dir='ltr'><strong>scripsisse</strong></span> <span class='ocrx_word' id='word_1_77' title='bbox 420 1615 496 1658; x_wconf 88' lang='lat' dir='ltr'><strong>eum</strong></span> <span class='ocrx_word' id='word_1_78' title='bbox 517 1589 664 1678; x_wconf 82' lang='grc' dir='ltr'><strong><em>εἶκόνας;</em></strong></span> <span class='ocrx_word' id='word_1_79' title='bbox 702 1618 777 1662; x_wconf 88' lang='lat' dir='ltr'><strong>nam</strong></span> <span class='ocrx_word' id='word_1_80' title='bbox 798 1595 974 1686; x_wconf 74' lang='lat' dir='ltr'><strong>idipsum,</strong></span> <span class='ocrx_word' id='word_1_81' title='bbox 1007 1594 1093 1684; x_wconf 91' lang='lat' dir='ltr'><strong>quod</strong></span> <span class='ocrx_word' id='word_1_82' title='bbox 1118 1595 1210 1660; x_wconf 92' lang='lat' dir='ltr'><strong>addit</strong></span> <span class='ocrx_word' id='word_1_83' title='bbox 1230 1588 1311 1660; x_wconf 74' lang='grc' dir='ltr'><strong>κατὰ</strong></span> 
     </span>
     <span class='ocr_line' id='line_1_13' title="bbox 219 1702 1311 1801; baseline -0.001 -33"><span class='ocrx_word' id='word_1_84' title='bbox 219 1705 382 1801; x_wconf 72' lang='grc' dir='ltr'><strong>σιοιχεῖιιν</strong></span> <span class='ocrx_word' id='word_1_85' title='bbox 422 1724 476 1768; x_wconf 89' lang='lat' dir='ltr'><strong>eas</strong></span> <span class='ocrx_word' id='word_1_86' title='bbox 509 1702 610 1770; x_wconf 87' lang='lat' dir='ltr'><strong>fuisse</strong></span> <span class='ocrx_word' id='word_1_87' title='bbox 643 1706 792 1794; x_wconf 88' lang='lat' dir='ltr'><strong>scriptas,</strong></span> <span class='ocrx_word' id='word_1_88' title='bbox 825 1716 861 1770; x_wconf 94' lang='lat' dir='ltr'><strong>ut</strong></span> <span class='ocrx_word' id='word_1_89' title='bbox 888 1704 1095 1784; x_wconf 67' lang='lat' dir='ltr'><strong>Vrlichsius?</strong></span> <span class='ocrx_word' id='word_1_90' title='bbox 1128 1702 1311 1772; x_wconf 90' lang='lat' dir='ltr'><strong>rectissime</strong></span> 
     </span>
     <span class='ocr_line' id='line_1_14' title="bbox 211 1791 1312 1909; baseline -0.002 -33"><span class='ocrx_word' id='word_1_91' title='bbox 211 1791 362 1895; x_wconf 80' lang='lat' dir='ltr'><strong>mouet,</strong></span> <span class='ocrx_word' id='word_1_92' title='bbox 360 1811 527 1904; x_wconf 85' lang='lat' dir='ltr'><strong>hominem</strong></span> <span class='ocrx_word' id='word_1_93' title='bbox 547 1813 813 1880; x_wconf 86' lang='lat' dir='ltr'><strong>Alexandrinum</strong></span> <span class='ocrx_word' id='word_1_94' title='bbox 835 1816 952 1902; x_wconf 80' lang='lat' dir='ltr'><strong>arguit,</strong></span> <span class='ocrx_word' id='word_1_95' title='bbox 974 1836 1079 1902; x_wconf 87' lang='lat' dir='ltr'><strong>aquo</strong></span> <span class='ocrx_word' id='word_1_96' title='bbox 1102 1820 1190 1878; x_wconf 90' lang='lat' dir='ltr'><strong>certe</strong></span> <span class='ocrx_word' id='word_1_97' title='bbox 1211 1810 1312 1909; x_wconf 83' lang='lat' dir='ltr'><strong>longe</strong></span> 
     </span>
     <span class='ocr_line' id='line_1_15' title="bbox 219 1897 1402 2025; baseline 0.001 -42"><span class='ocrx_word' id='word_1_98' title='bbox 219 1909 323 2022; x_wconf 79' lang='lat' dir='ltr'><strong>abfuit</strong></span> <span class='ocrx_word' id='word_1_99' title='bbox 332 1897 511 2025; x_wconf 77' lang='lat' dir='ltr'><strong>sophistice</strong></span> <span class='ocrx_word' id='word_1_100' title='bbox 523 1919 731 1988; x_wconf 89' lang='lat' dir='ltr'><strong>describendi</strong></span> <span class='ocrx_word' id='word_1_101' title='bbox 745 1919 926 2012; x_wconf 83' lang='lat' dir='ltr'><strong>consilium,</strong></span> <span class='ocrx_word' id='word_1_102' title='bbox 943 1919 1030 2006; x_wconf 91' lang='lat' dir='ltr'><strong>quod</strong></span> <span class='ocrx_word' id='word_1_103' title='bbox 1042 1919 1313 2006; x_wconf 81' lang='lat' dir='ltr'><strong>Bernhardyius³</strong></span> <span class='ocrx_word' id='word_1_104' title='bbox 1401 1920 1402 1990; x_wconf 83' lang='lat' dir='ltr'><strong>l</strong></span> 
     </span>
     <span class='ocr_line' id='line_1_16' title="bbox 214 2002 1054 2116; baseline 0.001 -24"><span class='ocrx_word' id='word_1_105' title='bbox 214 2002 250 2092; x_wconf 81' lang='lat' dir='ltr'><strong>&#39;ei</strong></span> <span class='ocrx_word' id='word_1_106' title='bbox 265 2007 434 2116; x_wconf 79' lang='lat' dir='ltr'><strong>imputare</strong></span> <span class='ocrx_word' id='word_1_107' title='bbox 457 2029 575 2096; x_wconf 85' lang='lat' dir='ltr'><strong>studet</strong></span> <span class='ocrx_word' id='word_1_108' title='bbox 1050 2101 1054 2108; x_wconf 54' lang='grc'><strong>,</strong></span> 
     </span>
    </p>

    <p class='ocr_par' dir='ltr' id='par_1_4' title="bbox 219 2087 1315 2878">
     <span class='ocr_line' id='line_1_17' title="bbox 318 2087 1310 2236; baseline -0.002 -35"><span class='ocrx_word' id='word_1_109' title='bbox 318 2131 395 2227; x_wconf 77' lang='lat' dir='ltr'><strong>Nou</strong></span> <span class='ocrx_word' id='word_1_110' title='bbox 417 2135 523 2225; x_wconf 84' lang='lat' dir='ltr'><strong>louge</strong></span> <span class='ocrx_word' id='word_1_111' title='bbox 546 2147 655 2201; x_wconf 90' lang='lat' dir='ltr'><strong>autem</strong></span> <span class='ocrx_word' id='word_1_112' title='bbox 677 2158 793 2203; x_wconf 84' lang='lat' dir='ltr'><strong>evoro</strong></span> <span class='ocrx_word' id='word_1_113' title='bbox 806 2131 1039 2236; x_wconf 83' lang='lat' dir='ltr'><strong>aberrabimus,</strong></span> <span class='ocrx_word' id='word_1_114' title='bbox 1061 2160 1087 2201; x_wconf 78' lang='grc' dir='ltr'><strong>ιι</strong></span> <span class='ocrx_word' id='word_1_115' title='bbox 1078 2087 1310 2225; x_wconf 84' lang='lat' dir='ltr'><strong>sophisticum</strong></span> 
     </span>
     <span class='ocr_line' id='line_1_18' title="bbox 220 2241 1306 2330; baseline -0.005 -18"><span class='ocrx_word' id='word_1_116' title='bbox 220 2221 603 2312; x_wconf 72' lang='lat' dir='ltr'><strong>consiliumiindioamus</strong></span> <span class='ocrx_word' id='word_1_117' title='bbox 626 2243 812 2311; x_wconf 90' lang='lat' dir='ltr'><strong>Nicostrato</strong></span> <span class='ocrx_word' id='word_1_118' title='bbox 837 2245 961 2310; x_wconf 85' lang='lat' dir='ltr'><strong>rhetorr</strong></span> <span class='ocrx_word' id='word_1_119' title='bbox 973 2243 1235 2330; x_wconf 72' lang='lat' dir='ltr'><strong>Macedonico,</strong></span> <span class='ocrx_word' id='word_1_120' title='bbox 1219 2243 1306 2309; x_wconf 84' lang='lat' dir='ltr'><strong>cuius</strong></span> 
     </span>
     <span class='ocr_line' id='line_1_19' title="bbox 217 2340 1308 2452; baseline -0.006 -30.981"><span class='ocrx_word' id='word_1_121' title='bbox 217 2340 343 2452; x_wconf 56' lang='lat' dir='ltr'><strong>clariore</strong></span> <span class='ocrx_word' id='word_1_122' title='bbox 369 2377 387 2419; x_wconf 89' lang='lat' dir='ltr'><strong>a</strong></span> <span class='ocrx_word' id='word_1_123' title='bbox 417 2353 519 2420; x_wconf 89' lang='lat' dir='ltr'><strong>Suida</strong></span> <span class='ocrx_word' id='word_1_124' title='bbox 547 2378 571 2421; x_wconf 91' lang='lat' dir='ltr'><strong>s.</strong></span> <span class='ocrx_word' id='word_1_125' title='bbox 595 2378 625 2419; x_wconf 86' lang='lat' dir='ltr'>v</span> <span class='ocrx_word' id='word_1_126' title='bbox 656 2353 838 2420; x_wconf 87' lang='lat' dir='ltr'><strong>laudantur.</strong></span> <span class='ocrx_word' id='word_1_127' title='bbox 881 2353 1014 2418; x_wconf 90' lang='lat' dir='ltr'><strong>valde</strong></span> <span class='ocrx_word' id='word_1_128' title='bbox 1005 2353 1066 2440; x_wconf 83' lang='lat' dir='ltr'><strong>rgit</strong></span> <span class='ocrx_word' id='word_1_129' title='bbox 1069 2375 1106 2417; x_wconf 91' lang='lat' dir='ltr'><strong>ur</strong></span> <span class='ocrx_word' id='word_1_130' title='bbox 1134 2351 1308 2417; x_wconf 88' lang='lat' dir='ltr'><strong>dolendum</strong></span> 
     </span>
     <span class='ocr_line' id='line_1_20' title="bbox 220 2442 1304 2556; baseline -0.006 -26"><span class='ocrx_word' id='word_1_131' title='bbox 220 2442 337 2552; x_wconf 82' lang='lat' dir='ltr'><strong>quod</strong></span> <span class='ocrx_word' id='word_1_132' title='bbox 330 2462 458 2529; x_wconf 88' lang='lat' dir='ltr'><strong>nonnisi</strong></span> <span class='ocrx_word' id='word_1_133' title='bbox 481 2461 522 2529; x_wconf 88' lang='lat' dir='ltr'><strong>de</strong></span> <span class='ocrx_word' id='word_1_134' title='bbox 547 2461 672 2528; x_wconf 90' lang='lat' dir='ltr'><strong>stilo</strong></span> <span class='ocrx_word' id='word_1_135' title='bbox 642 2485 713 2529; x_wconf 84' lang='lat' dir='ltr'><strong>erus</strong></span> <span class='ocrx_word' id='word_1_136' title='bbox 736 2462 921 2546; x_wconf 85' lang='lat' dir='ltr'><strong>edocemur,</strong></span> <span class='ocrx_word' id='word_1_137' title='bbox 951 2461 1036 2551; x_wconf 83' lang='lat' dir='ltr'><strong>qui</strong></span> <span class='ocrx_word' id='word_1_138' title='bbox 1036 2471 1162 2528; x_wconf 91' lang='lat' dir='ltr'><strong>tantum</strong></span> <span class='ocrx_word' id='word_1_139' title='bbox 1193 2483 1304 2556; x_wconf 81' lang='lat' dir='ltr'><strong>aequa</strong></span> 
     </span>
     <span class='ocr_line' id='line_1_21' title="bbox 221 2567 1311 2661; baseline -0.003 -25"><span class='ocrx_word' id='word_1_140' title='bbox 221 2571 302 2638; x_wconf 88' lang='lat' dir='ltr'><strong>lium</strong></span> <span class='ocrx_word' id='word_1_141' title='bbox 325 2572 473 2661; x_wconf 79' lang='lat' dir='ltr'><strong>plausum</strong></span> <span class='ocrx_word' id='word_1_142' title='bbox 497 2569 662 2654; x_wconf 85' lang='lat' dir='ltr'><strong>excitavit,</strong></span> <span class='ocrx_word' id='word_1_143' title='bbox 683 2569 719 2633; x_wconf 87' lang='lat' dir='ltr'><strong>ut</strong></span> <span class='ocrx_word' id='word_1_144' title='bbox 740 2568 825 2633; x_wconf 90' lang='lat' dir='ltr'><strong>vel</strong></span> <span class='ocrx_word' id='word_1_145' title='bbox 816 2591 850 2632; x_wconf 91' lang='grc' dir='ltr'><strong>ιιι</strong></span> <span class='ocrx_word' id='word_1_146' title='bbox 872 2567 1009 2634; x_wconf 87' lang='lat' dir='ltr'><strong>alteram</strong></span> <span class='ocrx_word' id='word_1_147' title='bbox 1029 2568 1198 2635; x_wconf 87' lang='lat' dir='ltr'><strong>rhetorum</strong></span> <span class='ocrx_word' id='word_1_148' title='bbox 1219 2567 1311 2634; x_wconf 89' lang='lat' dir='ltr'><strong>deoa-</strong></span> 
     </span>
     <span class='ocr_line' id='line_1_22' title="bbox 220 2671 1313 2769; baseline -0.003 -24"><span class='ocrx_word' id='word_1_149' title='bbox 220 2679 294 2746; x_wconf 88' lang='lat' dir='ltr'><strong>de&#39;m</strong></span> <span class='ocrx_word' id='word_1_150' title='bbox 317 2675 388 2769; x_wconf 83' lang='lat' dir='ltr'><strong>ipse</strong></span> <span class='ocrx_word' id='word_1_151' title='bbox 410 2671 623 2767; x_wconf 82' lang='lat' dir='ltr'><strong>reciperetur.</strong></span> <span class='ocrx_word' id='word_1_152' title='bbox 648 2679 799 2744; x_wconf 85' lang='lat' dir='ltr'><strong>laudatur</strong></span> <span class='ocrx_word' id='word_1_153' title='bbox 821 2688 929 2744; x_wconf 88' lang='lat' dir='ltr'><strong>autem</strong></span> <span class='ocrx_word' id='word_1_154' title='bbox 951 2680 1128 2766; x_wconf 70' lang='lat' dir='ltr'><strong>praecipue</strong></span> <span class='ocrx_word' id='word_1_155' title='bbox 1152 2679 1222 2744; x_wconf 91' lang='lat' dir='ltr'><strong>eius</strong></span> <span class='ocrx_word' id='word_1_156' title='bbox 1237 2677 1313 2744; x_wconf 83' lang='lat' dir='ltr'><strong>aim·</strong></span> 
     </span>
     <span class='ocr_line' id='line_1_23' title="bbox 219 2772 1315 2878; baseline -0.001 -24"><span class='ocrx_word' id='word_1_157' title='bbox 219 2785 350 2878; x_wconf 86' lang='lat' dir='ltr'><strong>plicitas</strong></span> <span class='ocrx_word' id='word_1_158' title='bbox 374 2781 556 2878; x_wconf 49' lang='lat' dir='ltr'><strong>(detrorum</strong></span> <span class='ocrx_word' id='word_1_159' title='bbox 579 2799 704 2853; x_wconf 89' lang='lat' dir='ltr'><strong>tantum</strong></span> <span class='ocrx_word' id='word_1_160' title='bbox 726 2812 745 2853; x_wconf 92' lang='lat' dir='ltr'><strong>a</strong></span> <span class='ocrx_word' id='word_1_161' title='bbox 765 2772 923 2863; x_wconf 79' lang='lat' dir='ltr'><strong>teuuitate</strong></span> <span class='ocrx_word' id='word_1_162' title='bbox 942 2800 974 2853; x_wconf 89' lang='lat' dir='ltr'><strong>et</strong></span> <span class='ocrx_word' id='word_1_163' title='bbox 993 2789 1161 2856; x_wconf 88' lang='lat' dir='ltr'><strong>ieiunitate</strong></span> <span class='ocrx_word' id='word_1_164' title='bbox 1179 2799 1315 2872; x_wconf 86' lang='lat' dir='ltr'><strong>remota,</strong></span> 
     </span>
    </p>
   </div>
   <div class='ocr_carea' id='block_1_3' title="bbox 218 2887 1341 2987">
    <p class='ocr_par' dir='ltr' id='par_1_5' title="bbox 218 2887 1341 2987">
     <span class='ocr_line' id='line_1_24' title="bbox 218 2887 1341 2987; baseline 0 -25"><span class='ocrx_word' id='word_1_165' title='bbox 218 2905 256 2963; x_wconf 89' lang='lat' dir='ltr'><strong>ut</strong></span> <span class='ocrx_word' id='word_1_166' title='bbox 278 2894 333 2964; x_wconf 89' lang='lat' dir='ltr'><strong>vel</strong></span> <span class='ocrx_word' id='word_1_167' title='bbox 355 2899 394 2964; x_wconf 86' lang='lat' dir='ltr'><strong>ab</strong></span> <span class='ocrx_word' id='word_1_168' title='bbox 418 2887 488 2985; x_wconf 82' lang='lat' dir='ltr'><strong>ipso</strong></span> <span class='ocrx_word' id='word_1_169' title='bbox 512 2897 724 2982; x_wconf 85' lang='lat' dir='ltr'><strong>Philostrato,</strong></span> <span class='ocrx_word' id='word_1_170' title='bbox 747 2920 887 2985; x_wconf 90' lang='lat' dir='ltr'><strong>quocum</strong></span> <span class='ocrx_word' id='word_1_171' title='bbox 907 2899 1011 2965; x_wconf 89' lang='lat' dir='ltr'><strong>tribus</strong></span> <span class='ocrx_word' id='word_1_172' title='bbox 1042 2899 1121 2965; x_wconf 90' lang='lat' dir='ltr'><strong>locis</strong></span> <span class='ocrx_word' id='word_1_173' title='bbox 1147 2899 1314 2987; x_wconf 89' lang='lat' dir='ltr'><strong>componi·</strong></span> <span class='ocrx_word' id='word_1_174' title='bbox 1338 2962 1341 2974; x_wconf 81' lang='grc'><strong>,</strong></span> 
     </span>
    </p>
   </div>
   <div class='ocr_carea' id='block_1_4' title="bbox 216 3064 1321 4201">
    <p class='ocr_par' dir='ltr' id='par_1_6' title="bbox 216 3064 1316 3240">
     <span class='ocr_line' id='line_1_25' title="bbox 226 3064 1316 3145; baseline -0.002 -17"><span class='ocrx_word' id='word_1_175' title='bbox 226 3067 389 3145; x_wconf 72' lang='grc' dir='ltr'><strong>φραστικὴιι</strong></span> <span class='ocrx_word' id='word_1_176' title='bbox 405 3069 497 3143; x_wconf 76' lang='grc' dir='ltr'><em>μηδὲν</em></span> <span class='ocrx_word' id='word_1_177' title='bbox 514 3067 723 3142; x_wconf 72' lang='grc' dir='ltr'><strong>ἀσθενέστερον,</strong></span> <span class='ocrx_word' id='word_1_178' title='bbox 745 3066 799 3125; x_wconf 82' lang='grc' dir='ltr'><strong>ὅσα</strong></span> <span class='ocrx_word' id='word_1_179' title='bbox 817 3064 949 3138; x_wconf 74' lang='grc' dir='ltr'><strong>βούλεται,</strong></span> <span class='ocrx_word' id='word_1_180' title='bbox 970 3066 1107 3128; x_wconf 73' lang='grc' dir='ltr'><strong>δεικνύναι</strong></span> <span class='ocrx_word' id='word_1_181' title='bbox 1126 3073 1182 3128; x_wconf 78' lang='lat' dir='ltr'><strong>roiv</strong></span> <span class='ocrx_word' id='word_1_182' title='bbox 1198 3067 1316 3142; x_wconf 72' lang='grc' dir='ltr'><strong>ἀνδρῶν,</strong></span> 
     </span>
     <span class='ocr_line' id='line_1_26' title="bbox 216 3165 679 3248; baseline -0.011 -19"><span class='ocrx_word' id='word_1_183' title='bbox 216 3169 277 3229; x_wconf 74' lang='grc' dir='ltr'><strong>,τῶν</strong></span> <span class='ocrx_word' id='word_1_184' title='bbox 295 3165 363 3248; x_wconf 66' lang='lat' dir='ltr'><strong>rard</strong></span> <span class='ocrx_word' id='word_1_185' title='bbox 378 3173 553 3240; x_wconf 67' lang='grc' dir='ltr'><strong>χειρουργίαν</strong></span> <span class='ocrx_word' id='word_1_186' title='bbox 572 3167 679 3224; x_wconf 79' lang='grc' dir='ltr'><strong>δεινῶν.</strong></span> 
     </span>
    </p>

    <p class='ocr_par' dir='ltr' id='par_1_7' title="bbox 220 3256 1315 3434">
     <span class='ocr_line' id='line_1_27' title="bbox 318 3256 1315 3336; baseline -0.001 -19"><span class='ocrx_word' id='word_1_187' title='bbox 318 3258 389 3319; x_wconf 82' lang='lat' dir='ltr'><strong>Him.</strong></span> <span class='ocrx_word' id='word_1_188' title='bbox 409 3262 485 3318; x_wconf 87' lang='lat' dir='ltr'><strong>XXV</strong></span> <span class='ocrx_word' id='word_1_189' title='bbox 487 3267 559 3334; x_wconf 86' lang='lat' dir='ltr'><strong>,.lp</strong></span> <span class='ocrx_word' id='word_1_190' title='bbox 570 3263 694 3318; x_wconf 80' lang='lat' dir='ltr'>814W.:</span> <span class='ocrx_word' id='word_1_191' title='bbox 713 3257 767 3316; x_wconf 82' lang='grc' dir='ltr'><strong>ὅσα</strong></span> <span class='ocrx_word' id='word_1_192' title='bbox 784 3268 908 3334; x_wconf 82' lang='grc' dir='ltr'><em>γραφεῖς,</em></span> <span class='ocrx_word' id='word_1_193' title='bbox 928 3266 975 3316; x_wconf 80' lang='grc' dir='ltr'><strong>καὶ</strong></span> <span class='ocrx_word' id='word_1_194' title='bbox 992 3256 1070 3334; x_wconf 76' lang='grc' dir='ltr'><strong>λόγοι</strong></span> <span class='ocrx_word' id='word_1_195' title='bbox 1088 3256 1223 3320; x_wconf 72' lang='grc' dir='ltr'><strong>δύνανται·</strong></span> <span class='ocrx_word' id='word_1_196' title='bbox 1227 3265 1315 3336; x_wconf 80' lang='grc' dir='ltr'><strong><em>μᾶλ-</em></strong></span> 
     </span>
     <span class='ocr_line' id='line_1_28' title="bbox 220 3354 971 3452; baseline -0.004 -37"><span class='ocrx_word' id='word_1_197' title='bbox 220 3363 268 3417; x_wconf 76' lang='grc' dir='ltr'><strong>λον</strong></span> <span class='ocrx_word' id='word_1_198' title='bbox 285 3360 317 3416; x_wconf 77' lang='grc' dir='ltr'><strong>δὲ</strong></span> <span class='ocrx_word' id='word_1_199' title='bbox 336 3363 484 3452; x_wconf 60' lang='lat' dir='ltr'><strong>pauperiora</strong></span> <span class='ocrx_word' id='word_1_200' title='bbox 500 3365 618 3432; x_wconf 81' lang='grc' dir='ltr'><strong>μίμησις</strong></span> <span class='ocrx_word' id='word_1_201' title='bbox 638 3360 716 3413; x_wconf 74' lang='grc' dir='ltr'><strong>πᾶσι</strong></span> <span class='ocrx_word' id='word_1_202' title='bbox 735 3355 805 3431; x_wconf 84' lang='grc' dir='ltr'><em>πρὸς</em></span> <span class='ocrx_word' id='word_1_203' title='bbox 823 3354 971 3429; x_wconf 76' lang='grc' dir='ltr'><strong>λόγους.</strong></span> 
     </span>
    </p>

    <p class='ocr_par' dir='ltr' id='par_1_8' title="bbox 219 3441 1321 3916">
     <span class='ocr_line' id='line_1_29' title="bbox 229 3441 1314 3526; baseline -0.001 -15.941"><span class='ocrx_word' id='word_1_204' title='bbox 229 3441 335 3511; x_wconf 72' lang='lat' dir='ltr'><strong>&#39;&#39;²‘l</strong></span> <span class='ocrx_word' id='word_1_205' title='bbox 352 3442 477 3511; x_wconf 83' lang='lat' dir='ltr'><strong>infimae</strong></span> <span class='ocrx_word' id='word_1_206' title='bbox 487 3455 586 3510; x_wconf 82' lang='lat' dir='ltr'><strong>aetatis</strong></span> <span class='ocrx_word' id='word_1_207' title='bbox 605 3456 765 3526; x_wconf 87' lang='lat' dir='ltr'><strong>ecphrastes</strong></span> <span class='ocrx_word' id='word_1_208' title='bbox 792 3468 889 3510; x_wconf 84' lang='lat' dir='ltr'><strong>rursus</strong></span> <span class='ocrx_word' id='word_1_209' title='bbox 915 3455 950 3510; x_wconf 86' lang='lat' dir='ltr'><strong>ad</strong></span> <span class='ocrx_word' id='word_1_210' title='bbox 976 3455 1091 3510; x_wconf 86' lang='lat' dir='ltr'><strong>Lucisni</strong></span> <span class='ocrx_word' id='word_1_211' title='bbox 1115 3454 1314 3512; x_wconf 79' lang='lat' dir='ltr'><strong>verecundiam</strong></span> 
     </span>
     <span class='ocr_line' id='line_1_30' title="bbox 221 3547 1321 3624; baseline -0.001 -15"><span class='ocrx_word' id='word_1_212' title='bbox 221 3553 295 3609; x_wconf 87' lang='lat' dir='ltr'><strong>redit</strong></span> <span class='ocrx_word' id='word_1_213' title='bbox 304 3551 430 3622; x_wconf 79' lang='lat' dir='ltr'><strong>cipraei.</strong></span> <span class='ocrx_word' id='word_1_214' title='bbox 438 3551 474 3607; x_wconf 82' lang='lat' dir='ltr'><strong>od</strong></span> <span class='ocrx_word' id='word_1_215' title='bbox 484 3551 630 3622; x_wconf 85' lang='lat' dir='ltr'><strong>ecphrasin</strong></span> <span class='ocrx_word' id='word_1_216' title='bbox 639 3553 766 3624; x_wconf 81' lang='lat' dir='ltr'><strong>horolog.</strong></span> <span class='ocrx_word' id='word_1_217' title='bbox 777 3553 869 3618; x_wconf 85' lang='lat' dir='ltr'><strong>(Ohor.</strong></span> <span class='ocrx_word' id='word_1_218' title='bbox 881 3552 924 3609; x_wconf 88' lang='lat' dir='ltr'><strong>ed.</strong></span> <span class='ocrx_word' id='word_1_219' title='bbox 931 3553 1021 3608; x_wconf 81' lang='lat' dir='ltr'><strong>Boios.</strong></span> <span class='ocrx_word' id='word_1_220' title='bbox 1027 3570 1053 3622; x_wconf 90' lang='lat' dir='ltr'><strong>p.</strong></span> <span class='ocrx_word' id='word_1_221' title='bbox 1064 3554 1126 3606; x_wconf 84' lang='lat'>149:</span> <span class='ocrx_word' id='word_1_222' title='bbox 1138 3556 1163 3606; x_wconf 77' lang='lat' dir='ltr'><strong>sl</strong></span> <span class='ocrx_word' id='word_1_223' title='bbox 1173 3553 1205 3607; x_wconf 78' lang='grc' dir='ltr'><strong>δὲ</strong></span> <span class='ocrx_word' id='word_1_224' title='bbox 1217 3547 1321 3608; x_wconf 78' lang='grc' dir='ltr'><em>τούτων</em></span> 
     </span>
     <span class='ocr_line' id='line_1_31' title="bbox 223 3645 1314 3722; baseline -0.004 -16"><span class='ocrx_word' id='word_1_225' title='bbox 223 3645 339 3706; x_wconf 71' lang='grc' dir='ltr'><strong>ἐλάττων</strong></span> <span class='ocrx_word' id='word_1_226' title='bbox 355 3646 459 3722; x_wconf 64' lang='grc' dir='ltr'><strong><em>ὀφθείη</em></strong></span> <span class='ocrx_word' id='word_1_227' title='bbox 469 3651 525 3718; x_wconf 62' lang='lat' dir='ltr'><strong>(so.</strong></span> <span class='ocrx_word' id='word_1_228' title='bbox 545 3647 722 3722; x_wconf 60' lang='lat' dir='ltr'><strong>dirutorum)</strong></span> <span class='ocrx_word' id='word_1_229' title='bbox 744 3654 789 3704; x_wconf 78' lang='lat' dir='ltr'><strong>nol</strong></span> <span class='ocrx_word' id='word_1_230' title='bbox 807 3650 885 3704; x_wconf 80' lang='grc' dir='ltr'><em>τοῦτο</em></span> <span class='ocrx_word' id='word_1_231' title='bbox 902 3651 950 3704; x_wconf 86' lang='grc' dir='ltr'><strong>τοῦ</strong></span> <span class='ocrx_word' id='word_1_232' title='bbox 966 3645 1130 3716; x_wconf 79' lang='grc' dir='ltr'><strong>ποιήσαντος</strong></span> <span class='ocrx_word' id='word_1_233' title='bbox 1146 3651 1252 3722; x_wconf 69' lang='grc' dir='ltr'><strong>θαῦμα,</strong></span> <span class='ocrx_word' id='word_1_234' title='bbox 1271 3646 1314 3704; x_wconf 85' lang='grc' dir='ltr'><strong>ὅτι</strong></span> 
     </span>
     <span class='ocr_line' id='line_1_32' title="bbox 219 3739 1313 3824; baseline -0.002 -23"><span class='ocrx_word' id='word_1_235' title='bbox 219 3753 348 3824; x_wconf 65' lang='lat' dir='ltr'><strong>restatur</strong></span> <span class='ocrx_word' id='word_1_236' title='bbox 360 3749 465 3817; x_wconf 71' lang='grc' dir='ltr'><strong>,γέγονε</strong></span> <span class='ocrx_word' id='word_1_237' title='bbox 484 3739 611 3818; x_wconf 72' lang='grc' dir='ltr'><em>πράττων</em></span> <span class='ocrx_word' id='word_1_238' title='bbox 627 3739 652 3814; x_wconf 73' lang='grc' dir='ltr'><strong>ἢΙ</strong></span> <span class='ocrx_word' id='word_1_239' title='bbox 663 3747 751 3814; x_wconf 74' lang='grc' dir='ltr'><strong>ψιλῶς</strong></span> <span class='ocrx_word' id='word_1_240' title='bbox 769 3741 903 3817; x_wconf 65' lang='grc' dir='ltr'><strong><em>εἰρηκότες</em></strong></span> <span class='ocrx_word' id='word_1_241' title='bbox 921 3743 1007 3816; x_wconf 79' lang='grc' dir='ltr'><strong>ἡμεῖς.</strong></span> <span class='ocrx_word' id='word_1_242' title='bbox 1046 3743 1082 3801; x_wconf 85' lang='lat' dir='ltr'><strong>ci.</strong></span> <span class='ocrx_word' id='word_1_243' title='bbox 1093 3761 1120 3815; x_wconf 82' lang='lat' dir='ltr'><strong>p.</strong></span> <span class='ocrx_word' id='word_1_244' title='bbox 1135 3748 1185 3800; x_wconf 81' lang='lat'><strong>128</strong></span> <span class='ocrx_word' id='word_1_245' title='bbox 1193 3743 1258 3815; x_wconf 74' lang='grc' dir='ltr'><strong>ιέγὼ</strong></span> <span class='ocrx_word' id='word_1_246' title='bbox 1280 3746 1313 3799; x_wconf 78' lang='grc' dir='ltr'><strong>δὲ</strong></span> 
     </span>
     <span class='ocr_line' id='line_1_33' title="bbox 222 3835 693 3916; baseline 0 -19"><span class='ocrx_word' id='word_1_247' title='bbox 222 3845 313 3914; x_wconf 67' lang='grc' dir='ltr'><strong>λέγειν</strong></span> <span class='ocrx_word' id='word_1_248' title='bbox 328 3841 391 3898; x_wconf 82' lang='lat' dir='ltr'><strong>oidc</strong></span> <span class='ocrx_word' id='word_1_249' title='bbox 408 3841 515 3914; x_wconf 72' lang='grc' dir='ltr'><em>μᾶλλον</em></span> <span class='ocrx_word' id='word_1_250' title='bbox 532 3835 693 3916; x_wconf 81' lang='grc' dir='ltr'><strong>ἢ-γράφειν.</strong></span> 
     </span>
    </p>

    <p class='ocr_par' dir='ltr' id='par_1_9' title="bbox 272 3937 1320 4201">
     <span class='ocr_line' id='line_1_34' title="bbox 272 3937 730 4008; baseline -0.005 -13.754"><span class='ocrx_word' id='word_1_251' title='bbox 272 3937 430 3997; x_wconf 75' lang='lat' dir='ltr'><strong>coroa</strong></span> <span class='ocrx_word' id='word_1_252' title='bbox 447 3938 537 3995; x_wconf 82' lang='lat' dir='ltr'><strong>Rhen.</strong></span> <span class='ocrx_word' id='word_1_253' title='bbox 553 3939 617 3994; x_wconf 86' lang='lat' dir='ltr'><strong>XVI</strong></span> <span class='ocrx_word' id='word_1_254' title='bbox 633 3956 660 4008; x_wconf 88' lang='lat' dir='ltr'><strong>p.</strong></span> <span class='ocrx_word' id='word_1_255' title='bbox 670 3939 730 3994; x_wconf 78' lang='lat'>251.</span> 
     </span>
     <span class='ocr_line' id='line_1_35' title="bbox 323 4033 1292 4090; baseline -0.004 -1"><span class='ocrx_word' id='word_1_256' title='bbox 323 4033 525 4089; x_wconf 72' lang='lat' dir='ltr'><strong>amenius</strong></span> <span class='ocrx_word' id='word_1_257' title='bbox 542 4053 567 4090; x_wconf 85' lang='lat' dir='ltr'><strong>v.</strong></span> <span class='ocrx_word' id='word_1_258' title='bbox 1215 4049 1218 4059; x_wconf 76' lang='lat'>¹</span> <span class='ocrx_word' id='word_1_259' title='bbox 1289 4049 1292 4059; x_wconf 94' lang='grc'><strong><em>·</em></strong></span> 
     </span>
     <span class='ocr_line' id='line_1_36' title="bbox 323 4073 1320 4201; baseline 0.001 -17"><span class='ocrx_word' id='word_1_260' title='bbox 323 4129 399 4185; x_wconf 71' lang='lat' dir='ltr'><strong>ici.</strong></span> <span class='ocrx_word' id='word_1_261' title='bbox 416 4127 498 4186; x_wconf 89' lang='lat' dir='ltr'><strong>Dion.</strong></span> <span class='ocrx_word' id='word_1_262' title='bbox 516 4128 579 4185; x_wconf 90' lang='lat' dir='ltr'><strong>Hal.</strong></span> <span class='ocrx_word' id='word_1_263' title='bbox 596 4129 629 4184; x_wconf 85' lang='grc' dir='ltr'><strong>Α.</strong></span> <span class='ocrx_word' id='word_1_264' title='bbox 651 4128 704 4186; x_wconf 73' lang='lat' dir='ltr'><strong>Ru</strong></span> <span class='ocrx_word' id='word_1_265' title='bbox 725 4129 759 4195; x_wconf 87' lang='lat' dir='ltr'><strong>II,</strong></span> <span class='ocrx_word' id='word_1_266' title='bbox 775 4125 813 4185; x_wconf 70' lang='grc' dir='ltr'><strong>θ’.</strong></span> <span class='ocrx_word' id='word_1_267' title='bbox 849 4073 981 4201; x_wconf 78' lang='lat' dir='ltr'><strong>ilermog.</strong></span> <span class='ocrx_word' id='word_1_268' title='bbox 1000 4130 1035 4186; x_wconf 86' lang='lat' dir='ltr'><strong>de</strong></span> <span class='ocrx_word' id='word_1_269' title='bbox 1052 4130 1130 4186; x_wconf 85' lang='lat' dir='ltr'><strong>ideis</strong></span> <span class='ocrx_word' id='word_1_270' title='bbox 1149 4129 1200 4186; x_wconf 85' lang='lat' dir='ltr'><strong>Rh.</strong></span> <span class='ocrx_word' id='word_1_271' title='bbox 1223 4129 1271 4185; x_wconf 79' lang='lat' dir='ltr'><strong>(ir.</strong></span> <span class='ocrx_word' id='word_1_272' title='bbox 1291 4131 1320 4185; x_wconf 92' lang='lat'><strong>11</strong></span> 
     </span>
    </p>
   </div>
   <div class='ocr_carea' id='block_1_5' title="bbox 226 4228 786 4301">
    <p class='ocr_par' dir='ltr' id='par_1_10' title="bbox 226 4228 786 4301">
     <span class='ocr_line' id='line_1_37' title="bbox 226 4228 786 4301; baseline 0 -17"><span class='ocrx_word' id='word_1_273' title='bbox 226 4228 786 4301; x_wconf 72' lang='lat' dir='ltr'><strong>p.eoc,23eflp.loo..eodspong</strong></span> 
     </span>
    </p>
   </div>
   <div class='ocr_carea' id='block_1_6' title="bbox 0 0 1424 4910">
    <p class='ocr_par' dir='ltr' id='par_1_11' title="bbox 0 0 1424 4910">
     <span class='ocr_line' id='line_1_38' title="bbox 0 0 1424 4910; baseline 0 0"><span class='ocrx_word' id='word_1_274' title='bbox 0 0 1424 4910; x_wconf 95' lang='lat' dir='ltr'><strong> </strong></span> 
     </span>
    </p>
   </div>
  </div>
 </body>
</html>
