2840 4910
630 433 670 494 23

206 606 285 688 Sed,
307 629 349 674 ne
369 605 463 674 citius
476 627 573 692 quam
587 605 710 672 certius
720 605 762 672 ad
776 605 895 672 bonam
915 605 956 674 de
970 606 1197 680 Philostrate'is

105 715 496 801 imaginibuserigamur
522 713 812 804 exspectationem,
836 717 1031 788 monendum
1051 727 1103 784 est
1124 733 1197 784 no'n

104 826 237 892 easdem
262 824 315 890 his
354 833 451 910 atque
486 824 619 890 illosum
655 824 911 912 descriptionum
944 825 1132 900 auctoribus
1162 826 1198 892 in

93 933 323 1008 ‚describendo
359 933 554 1024 suppetiisse
592 934 808 1002 conditiones.
859 957 936 1022 pars
968 935 1055 1002 enim
1083 957 1196 1005 eorum

104 1067 173 1108 non
195 1043 257 1112 sibi
277 1052 412 1126 tantum,
442 1043 501 1110 scd
529 1044 625 1110 etiam
659 1043 970 1112 artifiei1auturbi
1001 1045 1057 1110 nbi
1080 1063 1197 1132 propo·

106 1153 170 1222 sita
195 1163 288 1223 erent
310 1153 367 1220 illa
389 1176 502 1243 opero,
525 1163 581 1220 sut
613 1154 788 1221 donatori²
810 1153 941 1230 laudem
967 1153 1196 1239 quaeritantes,

104 1266 255 1332 externis
269 1274 305 1332 ut
324 1264 369 1337 in
383 1262 489 1330 dicam
504 1262 634 1332 indiciis
648 1263 748 1330 fidem
762 1285 853 1330 sunm
874 1262 1034 1348 obligent,
1053 1264 1087 1332 id
1106 1263 1197 1351 qnod

103 1397 171 1442 non
192 1376 269 1442 item
285 1373 374 1440 cadit
391 1373 424 1438 in
440 1371 663 1442 Philostratos.
699 1396 765 1442 oon
785 1373 848 1440 iam
870 1373 1026 1440 hocloco
1049 1373 1195 1458 quaestio

103 1482 306 1550 instituenda
327 1492 388 1565 est,
411 1505 474 1549 nec
496 1505 555 1550 eur
577 1481 709 1550 nomina
730 1481 890 1550 artificum
913 1503 980 1548 non
998 1480 1197 1570 'protulerint

103 1615 166 1660 nec
189 1615 245 1660 cur
267 1591 385 1662 Senior
407 1601 455 1658 tot
473 1591 685 1660 nobilissimis
707 1590 926 1680 pinacothecis
948 1590 1133 1679 potentibus
1154 1591 1196 1656 nd

104 1686 250 1787 ignotam
281 1699 372 1767 illam
398 1699 706 1789 Neapolitanam'oc
727 1699 935 1784 converterit,
952 1699 1079 1766 =Iunior
1106 1698 1196 1767 omni

103 1832 141 1878 re
165 1819 305 1878 externo.
322 1808 497 1876 indicanda
520 1809 723 1876 abstinuerit.
755 1807 852 1876 modo
873 1807 907 1874 id
929 1818 1066 1892 constet,
1087 1829 1194 1896 neque

103 1928 267 1987 nemorum
290 1918 451 2008 pictorum
482 1917 569 1984 leudi
598 1933 653 1986 eos
684 1917 857 2000 studuisse,
885 1926 917 1986 et
938 1917 994 1982 vel
1021 1915 1194 1985 Seniorem

103 2027 270 2096 conscium
285 2027 355 2094 ,sibi
374 2047 447 2094 esse
467 2027 621 2115 potuisse,
642 2025 801 2117 imagines
822 2025 964 2114 porticus
983 2025 1069 2092 illius
1090 2025 1194 2090 curio·

103 2136 192 2204 sitati
213 2137 396 2222 legentium
419 2173 457 2186 ·-
479 2136 507 2202 si
532 2157 596 2222 qna
617 2135 680 2205 fuit
699 2171 741 2184 -
763 2157 899 2224 prorsus
918 2134 1093 2206 subductas
1114 2155 1196 2218 esse,

103 2269 180 2313 nam
202 2267 307 2332 noque
331 2255 397 2312 tam
419 2268 512 2316 rarae
533 2245 666 2314 luerunt
686 2244 919 2334 pinacothecae
943 2269 962 2308 a
982 2244 1120 2332 privatis,
1139 2243 1195 2307 ho-

108 2354 247 2444 minibus
270 2367 423 2422 consutae
436 2361 459 2438 ³,
488 2377 596 2442 neque
618 2355 888 2434 considerantem,
913 2351 1057 2442 quaeda
1079 2351 1140 2418 situ
1166 2362 1197 2418 et

104 2463 221 2530 incolis
244 2465 335 2532 urbis
358 2464 601 2554 praemonenda
623 2463 721 2546 ducit,
747 2463 864 2548 fugere
887 2471 1005 2550 potest,
1025 2461 1098 2526 loco
1117 2460 1197 2526 satis

102 2597 122 2636 a
147 2572 286 2662 Neapoli
317 2584 443 2640 remoto
466 2571 749 2640 commentariolos
771 2571 856 2638 ¹illos
877 2568 1038 2658 prodiisse
1048 2574 1071 2634 ⁴.
1117 2567 1197 2654 quid

104 2683 243 2748 nutem?
277 2704 385 2750 nonne
408 2683 596 2771 complures
620 2680 703 2746 aliae
726 2689 856 2749 exstent
878 2678 1118 2768 descriptiones
1138 2701 1193 2745 cx·
1273 2703 1276 2711 ’

103 2801 199 2856 terno
230 2789 289 2856 illo
316 2791 393 2858 fidei
421 2791 559 2881 pignore
588 2811 723 2876 prorsus
746 2789 928 2866 destitutae,
950 2808 1034 2874 qnns
1052 2787 1094 2854 ad
1118 2806 1196 2852 vera

104 2898 223 2966 arnum
248 2920 348 2988 opera
371 2903 477 2967 factas
494 2921 566 2966 csse
591 2920 715 2986 negare
737 2920 804 2964 non
827 2907 1027 2984 poteramus:
1051 2895 1193 2984 descrip-

103 3007 209 3074 tiones
232 3007 307 3076 dico
327 3008 445 3076 fabulis
462 3007 599 3076 Milesiis
619 3007 756 3074 insertas
777 3025 897 3092 easque
922 3027 1006 3092 quac
1021 3023 1193 3094 praeexerL

208 3186 221 3237 1
242 3183 282 3239 Gi.
292 3183 359 3239 Luc.
372 3183 456 3240 Zenx.
468 3187 492 3240 3.
502 3183 636 3240 Herodot.
646 3183 741 3240 cust.
750 3202 806 3239 non
815 3187 880 3240 tem.
892 3183 966 3238 cred.
977 3185 1002 3236 4.
1012 3181 1085 3236 Him.
1094 3181 1145 3237 ecl.
1154 3183 1195 3235 14.

208 3279 323 3349 2Apnl.
344 3277 405 3333 flor.
424 3282 465 3334 15.
494 3281 576 3336 Cher.
594 3280 683 3336 Boiss.
701 3297 728 3350 p.
741 3282 786 3334 86.
803 3298 829 3350 p.
842 3280 900 3334 172.
927 3277 993 3333 Luc.
1012 3277 1047 3332 de
1066 3277 1138 3332 dom.
1159 3276 1194 3332 cl.

103 3377 243 3434 Weleker.
262 3375 350 3447 praef.
369 3375 405 3432 ad
421 3376 551 3433 Philostr.
570 3395 597 3448 p.
608 3377 689 3434 LXV.

208 3477 224 3527 3
242 3473 331 3528 Recte
351 3472 380 3528 id
398 3477 493 3527 monet
510 3473 650 3531 Brnnnins
667 3475 685 3528 l.
700 3475 718 3529 l.
731 3491 758 3544 p.
771 3475 823 3528 194
841 3477 940 3528 contro
957 3471 1112 3526 Prellernm
1131 3471 1194 3538 (Po-

101 3573 176 3626 lemo
186 3589 212 3640 p.
227 3571 288 3639 198)
298 3569 503 3625 etPassonium
514 3569 615 3636 (Verm.
626 3570 705 3626 Schr.
715 3589 742 3642 p.
755 3574 818 3642 227)
828 3572 884 3642 qni,
901 3571 976 3641 qnod
994 3571 1128 3625 memorio
1145 3569 1195 3624 hu·

102 3666 147 3720 ius
165 3665 292 3735 porticus
310 3665 386 3736 apud
404 3665 474 3719 nlios
490 3665 642 3736 scriptores
660 3684 716 3722 non
734 3667 885 3734 invenitur,
904 3667 938 3722 de
956 3670 1019 3722 tota
1036 3685 1067 3722 ne
1079 3667 1195 3722 addubi-

102 3765 173 3816 tant.
193 3761 391 3832 pinacotlreess
408 3761 454 3817 vel
473 3761 624 3832 aps-isatis
636 3761 794 3818 hominibus
807 3763 875 3818 satis
891 3762 1052 3834 frequenter
1063 3766 1194 3818 consutas

101 3857 197 3926 inisse
215 3859 338 3928 probent
352 3857 409 3914 loci
425 3858 538 3914 collecti
555 3875 573 3914 s
591 3858 825 3916 Friedlasndoro:
854 3859 946 3916 Ueber
970 3860 1025 3918 den
1042 3859 1197 3916 Konstsinn

102 3954 130 4010 d.
149 3953 252 4010 Rdmer
273 3973 301 4026 p.
312 3957 347 4010 99
356 3975 396 4026 sq.
434 3951 474 4011 ei.
488 3955 621 4012 Philostr.
641 3956 672 4011 V.
693 3957 745 4027 Ap.
762 3959 807 4022 ut,
820 3960 861 4011 19

203 4054 220 4105 4
238 4051 268 4106 Ρ.
279 4053 340 4116 379,
352 4055 388 4106 20
405 4052 487 4122 Kays.
504 4050 520 4120 ἡ
539 4052 571 4106 δὲ
590 4047 669 4114 πόλις
687 4053 718 4108 ἐν
733 4050 832 4123 Ἰταλίᾳ
850 4048 962 4124 ᾤκισται
979 4049 1196 4124 plurmum&

102 4151 150 4203 secl
166 4143 286 4218 ἀοτυκοί,
304 4145 374 4204 ὅθεν
384 4153 430 4204 καὶ
447 4148 494 4210 τὰς
508 4146 632 4210 σπουδὰς
647 4145 806 4220 coislinus
819 4148 1038 4218 Ἑλληιτκοῐείσι.
1056 4150 1196 4222 Kayserus

103 4244 193 4317 praef.
212 4245 274 4316 p.V
297 4245 417 4301 Athenis
439 4243 613 4317 conscriptes
642 4262 705 4302 esse
726 4246 861 4318 imagines
884 4243 1007 4304 Senioris
1031 4246 1195 4303 Philostrati

102 4341 226 4409 coniicit,
248 4342 297 4400 ubi
314 4343 502 4415 sophistarum
520 4348 609 4401 omem
627 4359 692 4400 cnm
710 4344 867 4401 exercuisse
883 4361 918 4406 ex
935 4345 1022 4402 Scitis
1038 4348 1159 4404 constat.
