2840 4910
739 372 777 430 20

212 573 343 639 semper
368 573 496 624 oausam
521 550 703 619 addendam
732 571 803 616 esse
831 547 1021 636 praecipit¹,
1047 567 1107 630 jcur
1136 548 1224 612 huno
1247 543 1299 610 vel

210 659 303 726 illum
331 660 366 728 in
393 661 524 728 modum
546 661 666 726 artifex
692 682 773 747 opus
795 658 982 739 instituerit,
1004 658 1037 722 in
1061 657 1201 724 hnmana
1221 675 1299 720 vero
1353 641 1357 654 ⁶

210 769 316 854 figura
340 769 519 846 enarranda
547 793 566 834 a
593 769 700 858 ,capite
726 768 766 834 ad
791 767 892 854 pedes
924 788 1003 832 esse»
1024 764 1301 846 descendendum,

215 877 302 962 quod
317 888 535 964 ,praeceptum
552 901 593 944 cx
616 899 666 959 eo,
689 877 775 962 quod
799 876 1009 964 Aphthonius
1029 874 1085 940 dat
1106 873 1150 940 tle
1163 869 1300 958 ‚nononi-

213 1011 286 1050 ιιιιιν
309 985 540 1073 descriptione,
569 999 762 1072 expressum
791 1007 861 1053 esse
893 986 998 1074 primo
1018 986 1136 1055 -ststim
1167 992 1299 1070 aspectu

210 1106 299 1180 patet
314 1101 336 1162 ².
371 1095 412 1164 nd
437 1097 518 1162 hanc
541 1099 611 1164 fore
628 1119 774 1160 normam
798 1117 911 1162 omnes
929 1096 1107 1160 statuarum
1125 1086 1299 1180 ἐκφράσεις

118 1267 120 1284 ,
212 1206 315 1270 factae
342 1214 425 1288 sunt,
451 1227 531 1290 quae
554 1205 639 1270 inter
663 1204 1075 1292 praeexercitamentorum
1103 1201 1298 1286 farraginem

211 1323 348 1383 aetatem
381 1316 535 1399 tulerunt,
567 1325 630 1380 tarn
660 1313 814 1398 religiose
832 1322 1007 1400 receptum
1029 1310 1133 1379 semel
1151 1308 1300 1376 ordinem

210 1433 391 1510 servantes,
413 1435 449 1488 ut
469 1424 553 1510 haud
579 1424 676 1490 facile
697 1423 817 1493 sinistri
841 1433 917 1488 ante
938 1421 1045 1492 dextri
1068 1420 1178 1486 lateris
1202 1441 1299 1486 mem·

211 1535 270 1603 bra
291 1545 534 1600 enumerentur.
579 1557 641 1619 quo
664 1533 711 1616 fit,
734 1542 781 1614 ut,
804 1555 997 1618 quamquam
1018 1529 1213 1618 sophisticae
1230 1550 1299 1596 ora-

210 1641 287 1710 tinis
305 1643 438 1718 lumina⁴
452 1643 644 1731 frequenter
666 1642 950 1728 exsplendescent,
966 1636 1046 1711 nihil
1060 1640 1122 1704 hoc
1138 1636 1300 1707 scribendi

210 1728 335 1836 genere
364 1752 546 1819 inveniatur
571 1752 722 1818 sterilius.
767 1773 879 1819 omnes
901 1749 1039 1816 eandem
1061 1749 1206 1814 indolem
1227 1768 1298 1834 pro·

211 1859 302 1938 dunt,
325 1880 405 1944 quae
431 1879 503 1924 cum
530 1880 664 1946 prorsus
687 1857 860 1924 conveniat
889 1857 936 1922 eis
960 1877 1041 1940 quae
1064 1854 1161 1921 modo
1191 1874 1300 1918 recen-

210 1967 331 2033 suimus
347 1968 544 2054 praeceptis,
565 1947 704 2056 cumque
719 1968 853 2048 accedat
867 1968 1029 2033 librorum
1051 1963 1299 2040 testimonium⁸,

210 2076 291 2143 nihil
306 2060 435 2142 obstare
457 2076 595 2158 videtur,
618 2077 790 2163 quominus
812 2078 919 2164 ipsum
937 2075 1110 2142 Nicolaum
1135 2081 1297 2146 auctorem

189 2186 395 2252 ‚habeamus
423 2195 513 2250 certe
529 2186 640 2250 titulus
653 2186 798 2269 vulgaris
817 2185 856 2254 ad
874 2208 970 2270 quem
986 2183 1081 2251 iaeile
1095 2191 1232 2272 propter
1247 2203 1295 2250 no·

209 2294 306 2360 minis
324 2295 504 2360 claritatem
520 2305 695 2381 potuerunt
717 2294 842 2372 referri,
867 2318 1002 2382 prorsus
1021 2305 1070 2362 est
1091 2292 1291 2360 reiiciendus.

210 2415 390 2473 statuarum
417 2405 490 2471 illas
512 2405 749 2494 descriptiones
762 2410 785 2488 ⁴,
806 2417 959 2494 quantum
984 2405 1115 2473 omnino
1137 2425 1208 2470 rem
1231 2424 1299 2492 per-

213 2513 305 2600 sequi
328 2514 416 2598 licet,
438 2515 478 2579 ad
495 2537 570 2580 vera
585 2516 705 2586 artium
724 2537 824 2601 opera
845 2538 917 2582 esse
941 2514 1114 2582 referenda
1136 2514 1300 2598 multaque

95 2627 98 2633 '
209 2633 334 2688 tantum
350 2634 485 2712 propter
500 2624 650 2690 miseram
671 2633 781 2690 textus
796 2623 1017 2694 conditionem
1037 2625 1179 2702 obseura
1199 2619 1302 2688 videri

209 2752 275 2797 non
294 2726 425 2796 dubito.
470 2754 589 2815 neque,
616 2751 696 2816 quae
728 2732 811 2798 hinc,
832 2732 910 2806 inde
940 2732 1091 2801 subnasci
1123 2730 1304 2824 possitue·

242 2904 245 2916 '
298 2905 323 2976 '1
345 2924 382 2978 or.
401 2925 490 2980 Nicol.
514 2926 596 2994 s0pn.
615 2944 649 2980 ex
674 2904 824 2981 sensusne
848 2927 884 2982 au
904 2926 1095 2996 apathonium
1119 2907 1304 2995 ploratorum,

210 3019 312 3090 Speng.
339 3019 389 3074 Rh.
415 3021 462 3074 Gr.
487 3021 525 3075 111
549 3023 637 3092 praef.
655 3021 730 3076 XXV
758 3026 787 3078 et
812 3040 839 3092 p.
856 3024 923 3094 492,
942 3025 989 3077 1οε
1021 3022 1067 3075 δεῖ
1095 3023 1140 3087 δέ,
1168 3020 1246 3088 ἡνίκα
1268 3014 1306 3075 ἂν

213 3109 386 3186 inmodicum
409 3119 454 3169 καὶ
476 3112 595 3188 μάλιστα
618 3113 763 3188 ἀγάλματα
787 3115 872 3188 τυχὸν
896 3113 912 3185 ἢ
937 3112 1052 3184 εἰκόνας,
1072 3158 1078 3172 .
1098 3159 1104 3172 .
1125 3158 1132 3171 .
1153 3119 1302 3188 πειρᾶσθαι

212 3209 360 3284 λογισμοὺς
384 3218 561 3284 προστιθέναι
587 3215 633 3266 τοῦ
660 3215 765 3269 τοιοῦδε
789 3208 805 3279 ἢ
831 3215 937 3271 τοιοῦδε
965 3213 1049 3284 παρὰδ
1064 3215 1112 3270 τοῦ
1136 3208 1303 3288 γραφέωςῆ

213 3303 334 3364 πλάστου
353 3304 494 3381 σχήματος
515 3309 567 3366 aad.

280 3407 296 3458 2
315 3405 419 3474 Aphth.
428 3405 510 3475 spir
521 3425 547 3476 p.
556 3408 657 3469 46‚25:
678 3419 681 3486 g
740 3403 828 3461 Nicol.
850 3407 892 3464 ed⁴
904 3407 948 3476 Sp.
964 3408 1029 3472 len,
1049 3409 1093 3460 18:
1114 3402 1256 3478 ἀρξόμεθα
1273 3408 1305 3461 δὲ

215 3493 398 3570 &nigredineque
416 3500 447 3553 di
462 3501 505 3556 dei
521 3497 658 3570 πρόσωπα
679 3489 681 3562 i
704 3497 760 3556 ἀπὸ
779 3503 833 3557 τῶν
851 3497 973 3572 πρώτων,
993 3505 1037 3556 καὶ
1055 3497 1139 3562 οὕτως
1157 3500 1248 3557 latr&
1264 3521 1306 3556 ιε·

214 3593 269 3663 μὲν
286 3589 341 3646 ἀπὸ
362 3597 416 3649 τῶν
435 3591 550 3668 πρώτων
567 3600 613 3652 tut
625 3595 658 3652 ui
704 3595 927 3669 λεοιιιῐαῆξομεν·
951 3592 1010 3652 οἷον
1029 3601 1052 3652 εἰ
1069 3591 1222 3668 ἄνθρωπον
1237 3601 1308 3670 χαλ-

214 3689 433 3744 materteramve
451 3734 653 3748 ............
679 3707 681 3767 g
705 3686 801 3760 κουνῆ
821 3696 852 3748 ἐν
871 3699 992 3764 γραφαῖς
1013 3688 1029 3762 ἢ
1054 3692 1183 3750 ὁπωσοῦν
1200 3696 1308 3766 ἔχομεν

220 3822 511 3842 .................
679 3827 681 3883 q
707 3791 738 3842 lv
763 3789 794 3863 τῇ
818 3784 950 3861 demonium
972 3787 1154 3864 ὑποκείμενον
1180 3788 1237 3846 ἀπὸ
1261 3793 1310 3859 τῆς

211 3885 348 3935 τουτέστιν
376 3879 433 3938 ἀπὸ
467 3886 586 3956 κεφαλῆς
613 3885 681 3938 ἐπὶΙ
707 3885 827 3956 κεφαλῆς
858 3881 906 3952 τὴν
932 3881 1019 3956 ἀρχὴν
1047 3879 1229 3962 ιτοιησάμεαοι
1259 3893 1309 3960 βα-

212 3971 310 4036 πόδας.
708 3981 822 4052 decipiar
840 3981 887 4034 ert
905 3977 937 4034 τὰ
954 3978 1021 4036 κατὰ
1039 3985 1131 4052 μέρος.

229 4101 231 4106 ·
311 4077 327 4127 3
348 4073 387 4126 uf.
406 4073 457 4128 Rh.
477 4074 524 4130 Gr.
542 4075 584 4128 ed.
604 4074 689 4128 Walz.
709 4076 722 4128 I
740 4093 766 4146 p.
778 4077 838 4131 265.

312 4171 329 4222 4
348 4170 387 4224 ef.
406 4159 503 4240 L'ihan.
522 4170 563 4226 ed.
575 4169 676 4229 Reiske
687 4170 724 4225 IV
743 4190 769 4242 p.
786 4175 853 4227 1066
868 4189 928 4242 sqq..¹
937 4191 964 4244 p⁴
977 4175 1044 4228 1081
1056 4190 1114 4242 sqq.
1126 4189 1152 4242 p.
1165 4172 1234 4228 1113
1245 4189 1308 4245 sqq.

215 4241 244 4318 et
259 4264 350 4319 Nicol.
368 4266 441 4334 apud
459 4266 544 4322 Walz.
564 4266 616 4320 Rh.
636 4265 683 4321 Gr.
703 4267 715 4320 l
732 4286 759 4337 p.
772 4269 824 4322 394
834 4263 894 4337 sqq.
