2840 4910
666 422 701 480 l'l

134 675 139 684 ¹
235 599 305 667 Nec
330 601 447 666 mirum
473 613 532 680 cst,
564 602 704 667 eundem
735 621 827 667 usum
848 623 875 664 a
907 599 1091 664 rhetoribus
1119 594 1227 662 latinis

135 703 303 798 receptum
325 733 406 777 esse.
439 712 486 776 sic
509 711 680 798 Apuleius,
700 711 754 799 qui
774 711 897 796 ubique
918 708 1121 776 Graecorum
1144 707 1226 791 legit

137 813 289 907 vestigia,
312 831 348 885 ut
370 829 419 886 est
438 821 569 886 omuino
594 821 635 886 ad
658 818 910 886 describendum
931 821 1095 907 pronus1,·
1112 818 1147 880 iu
1169 817 1226 882 flo-

136 929 286 995 ridorum
308 951 377 1017 cap.
396 929 461 994 XV
478 941 615 995 statuam
639 929 805 1015 describit,
829 929 958 998 Samia
983 950 1017 993 se
1041 935 1228 1013 spectatam,

138 1048 172 1103 et
184 1037 228 1103 ita
239 1034 406 1122 describit,
420 1048 456 1104 ut
468 1039 629 1128 exquisita
643 1036 800 1104 orationis
818 1037 991 1103 dulcedine
1002 1037 1104 1125 ipsius
1117 1030 1227 1124 operis

134 1148 301 1226 archaice,
342 1169 437 1234 quam
474 1157 610 1233 vocant,
648 1147 807 1214 suauitate
839 1147 1009 1234 conspicui
1042 1146 1228 1232 adaequare

134 1256 265 1324 studeat
285 1263 521 1322 venustateml.
623 1247 626 1257 ¹
710 1249 714 1256 ¹
984 1265 987 1280 ¹
1088 1273 1091 1280 '

236 1360 390 1431 Ceterum
421 1365 528 1454 ipsum
557 1367 641 1432 illud
671 1389 712 1432 ex
742 1375 891 1454 tempore
923 1357 1059 1432 dicendi
1085 1363 1227 1430 studium

135 1467 303 1562 quod'illa
322 1483 427 1539 aetate
448 1483 537 1540 tauta
568 1475 665 1540 laude
697 1475 834 1559 dignum
856 1463 1044 1557 habebatur,
1066 1474 1148 1542 tulos
1171 1472 1226 1538 de·

136 1583 331 1671 scriptiones
352 1583 448 1648 facile
464 1584 663 1649 admittebat.
680 1594 808 1672 poterat
830 1585 864 1650 in
888 1581 934 1650 eis
953 1607 1026 1649 cum
1042 1583 1226 1649 auditorum

133 1701 204 1758 tum
228 1681 368 1757 rhetoris
392 1691 518 1758 animus
540 1693 748 1778 requiescere
773 1681 926 1780 paullum·
942 1701 979 1758 et·
999 1693 1161 1779 respirare
1185 1691 1227 1756 si-

133 1791 346 1886 mulqne'hio
375 1821 488 1866 omnes
517 1802 695 1886 elegantias
726 1812 759 1867 et
779 1802 947 1890 pigmenta
969 1819 1009 1867 ex
1034 1801 1224 1866 arculis'so·

132 1909 280 1998 pbistiois
301 1932 496 2000 expromere
517 1909 645 1976 licebat.

237 2019 319 2085 Inde
349 2023 469 2085 iactum
502 2031 561 2103 est,
588 2031 624 2084 ut
650 2009 739 2086 illius
772 2011 926 2108 temporis
957 2019 1105 2108 scriptor
1127 2019 1228 2106 longe

134 2119 365 2214 gravissimus,
394 2119 580 2210 Aristides,
614 2148 710 2213 quem
740 2153 757 2193 a
790 2149 825 2193 se
854 2151 1017 2215 nunquam
1047 2128 1226 2216 impetrare

133 2227 278 2326 potuisse
298 2236 457 2320 audimus,
480 2248 516 2302 ut
539 2227 671 2304 vanitati
695 2248 727 2304 et
748 2239 954 2304 ostentationi
974 2237 1158 2324 aequalium
1177 2237 1226 2314 in·

138 2345 300 2430 dulgeret‚
334 2347 373 2410 ab
406 2346 463 2412 illo
498 2357 689 2413 ornamento
725 2347 928 2414 extrinsecus
961 2348 1058 2414 allato
1090 2359 1226 2434 prorsus

74 2508 76 2513 .
137 2454 341 2538 abstinuerit,
362 2447 470 2541 neque
492 2454 620 2522 Libauii
645 2447 803 2522 sobrietas
823 2445 965 2522 ei'iavi't.
988 2445 1120 2522 minime
1144 2477 1224 2519 vero

134 2563 284 2632 rhetores
306 2565 420 2631 aetatis
442 2555 539 2632 etlam
558 2555 844 2631 Constantinianus
863 2566 945 2629 ttles
962 2564 1135 2632 illecebras
1149 2553 1224 2629 con-

134 2665 308 2759 tempsisse
341 2673 480 2740 Himerii
519 2665 672 2763 eaemplo
702 2675 867 2760 probatur.
914 2694 1010 2760 quem
1031 2675 1138 2739 solum¹
1158 2673 1223 2738 for·

137 2791 223 2846 tasse
240 2789 283 2828 ⁴-
298 2781 379 2852 uau's
399 2771 441 2848 de
457 2783 644 2850 Callistrato
669 2783 751 2848 nibil
773 2783 853 2848 certi
878 2783 984 2848 adbuc
1007 2782 1224 2869 conttgttsta

136 2902 231 2957 tuere
255 2931 293 2942 --
312 2912 353 2956 cx
376 2909 521 2957 numero¹
535 2891 753 2979 sophistarum
770 2889 837 2956 'illa
860 2891 957 2957 etiam
982 2899 1087 2958 aetate
1105 2885 1225 2956 {lorido

135 3000 211 3067 stilo
231 3001 479 3083 luxuriantium,
500 2995 633 3068 relicum
659 3023 730 3067 esse
754 3023 820 3066 non
838 3001 924 3067 ‘adeo
946 2994 1104 3066 dolemus.

141 3120 157 3158 ἴ
237 3106 388 3179 Servavit
408 3108 543 3178 Photius
566 3130 608 3176 ex
630 3111 794 3176 suasoriae
815 3103 951 3176 alieuius
965 3111 1133 3198 prooemio
1158 3109 1224 3178 Oo-

132 3219 273 3284 casionis
289 3217 475 3311 Lysippeae
497 3220 751 3308 descriptionem
764 3226 787 3304 ³,
809 3243 875 3286 uon
890 3242 1025 3310 prorsus
1042 3219 1132 3285 illam
1156 3219 1223 3304 qui·

132 3327 208 3396 dem
222 3329 484 3412 accuratam-sad
495 3341 604 3399 tamen
615 3329 662 3396 ita
671 3329 906 3402 conformatam
912 3328 1054 3414 ·ut,‚quiu
1062 3336 1225 3414 spectatae

131 3435 180 3502 rei
203 3435 370 3502 Himerius
396 3437 511 3503 reddat
532 3437 732 3522 memoriam,
753 3447 896 3523 nequeat
915 3436 1067 3521 dubitari.
1117 3433 1225 3508 eistat

130 3555 304 3636 praeterea
317 3545 483 3634 ecphrasis
498 3547 603 3634 pictae
618 3546 748 3611 tabulae
759 3567 818 3633 per
829 3553 965 3632 quatuor
979 3547 1224 3635 propemptioae

70 3701 74 3708 ·
129 3653 270 3722 alicuius
294 3643 447 3722 orationis
475 3659 659 3741 fragmenta
687 3647 833 3742 dispersa
848 3660 886 3740 ⁴,
903 3676 996 3742 quae,
1018 3647 1126 3720 utrum
1149 3656 1225 3721 ficta

205 3827 208 3834 '
233 3832 246 3882 l
266 3827 666 3901 of.1·“10r.1,2et12aquuas
684 3829 805 3887 volantis
817 3833 846 3885 et
864 3829 977 3901 psittaci
995 3829 1219 3900 descriptionem.

203 3967 205 3974 .
236 3923 311 3979 tos.
339 3928 460 3980 statuam
485 3925 617 3982 Mercurii
648 3927 683 3981 ab
707 3927 805 3982 eodem
831 3928 969 3997 scriptore
993 3929 1164 3999 descriptam
1188 3928 1223 3986 de

130 4020 207 4090 Mag.
225 4021 268 4075 63.
831 4031 834 4040 ⁴
1087 4089 1090 4094 ,
1199 4084 1202 4092 .

230 4115 324 4171 auor.
341 4117 412 4182 xus,
433 4120 460 4173 1:
480 4119 537 4190 ἔχει
555 4119 587 4172 u
607 4104 665 4173 atra
683 4139 761 4187 aare,
781 4119 887 4194 saepe
902 4115 1096 4194 preparatam
1113 4117 1144 4183 aa
1159 4115 1220 4184 aar.

130 4212 233 4284 δαλμα.
270 4212 305 4268 ol.
324 4211 355 4268 0.
368 4213 443 4269 lehn.
459 4214 523 4270 Ber.
541 4215 567 4271 d.
588 4233 609 4270 s.
629 4216 691 4272 Ges.
708 4217 735 4272 d.
757 4217 798 4274 W.
820 4219 897 4275 1853.
912 4236 940 4288 p.
955 4220 988 4274 41
999 4223 1059 4290 sqq.
1109 4223 1111 4232 “

233 4309 550 4368 motmunt-5.
653 4347 671 4366 ·.
