2840 4910
634 391 672 451 ld

108 581 174 636 non
206 569 383 636 verisimile
418 578 466 634 est
500 568 597 634 illam.
624 567 800 652 figurarum
832 567 1031 653 farraginem
1065 569 1123 632 uni
1144 580 1201 656 p'a·

107 678 182 743 rieti
214 677 330 744 illitam
364 675 573 756 fuissetne
605 675 785 743 cavendum
808 685 873 757 est,
900 684 951 744 'n'e
969 675 1200 745 Eusthcthium

107 787 207 857 anxie
221 797 373 856 verarum
395 786 572 870 inagnum
600 785 797 854 lineamenta
813 783 954 856 reddere
978 785 1134 856 voluisse
1129 808 1203 874 pu-

105 905 238 979 temus,
257 896 334 968 licet
361 896 434 962 hic
443 909 574 980 qnoque
603 909 719 978 uenus,
752 897 805 982 qui
831 894 1120 982 descriptionibus
1127 903 1201 964 curn

108 1006 180 1094 ipss
201 1005 377 1075 intercedis
397 1005 520 1090 tabula,
540 1005 646 1072 laxior
666 1007 717 1072 sit

206 1139 410 1224 Quamquam
448 1137 549 1224 igitur
587 1159 792 1224 nequequam
826 1155 941 1242 nego,
963 1137 1201 1236 descriptiones

106 1237 197 1312 fictis
212 1247 334 1312 fabulis
357 1247 527 1312 insertas
518 1269 585 1310 ram
604 1265 664 1336 per
689 1266 723 1311 se
746 1231 971 1332 gravissimam
994 1253 1134 1311 morere
1148 1255 1204 1310 su·

108 1345 300 1444 spic'idnem,
330 1365 439 1421 tamen
472 1356 504 1421 id
539 1353 786 1422 concedendum
817 1358 889 1438 erit,
917 1341 1008 1442 apuli
1033 1355 1201 1421 Achillem

107 1463 237 1530 Tatium
272 1465 397 1531 nullum
419 1475 544 1531 certum
568 1475 809 1551 argumentum,
845 1487 910 1551 quo
943 1466 1001 1530 illa
1033 1473 1201 1548 augeatur,

104 1579 312 1661 suppetere.¹

207 1707 371 1774 Poteritl'
356 1711 493 1774 fortasse
518 1706 668 1790 dubitari,
690 1732 767 1773 num
788 1731 871 1793 quac
894 1708 928 1788 in
948 1701 1135 1772 universum
1158 1699 1203 1770 eir

103 1815 191 1880 veris
215 1815 337 1880 artibus
363 1817 403 1880 ah
428 1837 466 1881 eo
493 1816 592 1880 ducta
619 1837 689 1881 esse
712 1813 1002 1898 nonduhitamuS,
1026 1811 1133 1880 omnia
1156 1811 1206 1878 ad'

105 1935 214 1990 certas
236 1925 388 2012 picturas,
409 1933 499 2006 certo
523 1925 596 1990 loco
620 1927 659 1990 ab
683 1947 721 1989 eo
744 1934 918 2012 spectatas,
934 1923 997 1990 sint
1016 1911 1201 1989 referenda.

109 2041 143 2097 et
171 2024 280 2097 'fateor
310 2033 529 2120 suspicionem
559 2031 635 2097 hinc
667 2031 846 2116 oriundam,
876 2031 1052 2121 praecipue
1081 2029 1115 2095 in
1136 2031 1201 2114 fre·

108 2143 241 2226 quentia
271 2151 540 2226 argumentorum
567 2140 663 2206 simili
687 2135 830 2206 omnium
854 2141 949 2206 modo
978 2146 1208 2224 tractatorum,¹

108 2247 223 2334 qualia,
247 2249 274 2335 I,
299 2251 313 2312 l
342 2257 375 2314 ct
396 2239 499 2330 Iino
521 2269 591 2337 sqq.
616 2249 709 2317 nobis
732 2249 892 2337 depingit,
907 2249 1023 2314 ¹locum
1045 2237 1206 2334 haberet

111 2354 179 2444 Sed
215 2378 331 2424 vereor
358 2379 400 2422 nc
428 2358 577 2443 hominis,
617 2381 712 2446 quem
741 2359 816 2442 novi
847 2349 1019 2444 quicquam
1052 2355 1200 2422 iuvenire

112 2465 255 2552 noluisse
277 2468 348 2556 ipsa
377 2488 429 2532 res
450 2469 577 2555 probat,
601 2470 684 2532 male
709 2469 943 2556 prospiciamus
965 2458 1197 2547 commoditati,

108 2573 135 2639 si
153 2575 299 2661 undique
323 2599 397 2641 eum
412 2574 560 2641 disiiccta
582 2580 726 2642 membra
747 2575 917 2660 colligere,
941 2595 1042 2664 quam,
1061 2567 1102 2640 ad
1116 2567 1200 2640 'cer-⁴

107 2691 185 2765 tam,
211 2705 293 2770 quac
319 2683 493 2771 praecipue
518 2680 691 2750 memoriae
717 2684 914 2768 inhaereret,
937 2676 1090 2770 tabulam,¹
1114 2675 1199 2779 calass

114 2813 204 2856 mum
227 2789 370 2877 dirigere
400 2793 563 2877 maluisse,
589 2803 748 2882 putamus.
801 2817 863 2882 qua
891 2793 926 2858 in
949 2783 984 2859 re
1009 2779 1109 2890 mirlta
1132 2811 1200 2859 me-

110 2901 234 2990 moriae
256 2898 361 2991 lapsui
379 2925 450 2970 esse
466 2902 680 2969 condonanda
693 2923 897 2992 nequaquam
919 2915 1016 2989 nego
1038 2901 1075 2967 id
1092 2913 1201 2968 autem

107 3012 203 3075 utin
225 3019 353 3078 eeteros
376 3013 422 3078 sic
444 3013 477 3080 in
499 3010 585 3078 hunc
609 3034 739 3099 quoque
763 3013 851 3078 valet
871 3013 1097 3096 fabulatorem,
1118 3005 1205 3077 nihil

107 3111 272 3206 antiquius
283 3143 357 3186 eum
367 3119 562 3204 habuissem
574 3119 769 3206 imaginibus
780 3119 844 3187 rllrs
851 3124 988 3187 verbose
1000 3108 1207 3228 euellendis,

108 3249 205 3317 quam
232 3239 269 3293 ut
292 3229 408 3318 pannis
423 3232 523 3316 longe
535 3231 668 3318 lateque
688 3230 862 3318 splendent
849 3231 935 3295 tibus
951 3217 1201 3319 perpetuitatem

214 3512 288 3571 res.
306 3513 409 3570 naas.
428 3514 461 3583 11,
472 3517 525 3580 ar
544 3495 713 3589 aaaron&
726 3512 788 3576 aare
814 3513 980 3589 camaena
1000 3516 1047 3572 aa
1066 3512 1116 3585 aaa
1132 3513 1206 3590 aaa

107 3605 157 3670 uic
175 3615 333 3684 παρθένους
350 3607 462 3684 γραφὴν
477 3615 525 3669 ’καὶ
541 3611 645 3684 δίφρον
662 3611 772 3685 ὁρῶμεν
794 3610 904 3682 ὑψηλὸν
928 3615 974 3666 καὶ
999 3609 1130 3684 λαμπρὸν
1151 3617 1207 3692 ΙκαὶΙ

107 3700 194 3766 ὄντως
211 3703 361 3774 βασιλικόν.
448 3709 494 3776 1v,
506 3712 558 3776 4,3
577 3713 622 3764 aul
637 3708 710 3782 μετὰ,
725 3707 862 3781 τὸν-ἐμὸν
874 3702 980 3780 Ἔρωτα
998 3705 1048 3766 τὸν
1067 3709 1114 3784 ἐφ’
1132 3707 1207 3782 duur,

108 3803 161 3868 λοῦ,
177 3803 225 3856 τοῦ
243 3804 345 3878 δίφρου
362 3802 522 3878 καθήμενον
540 3800 642 3878 ἄνδρας
659 3805 771 3879 ὁρῶμεν
787 3801 955 3877 ἀλλοφύλους
974 3805 1028 3859 mi.
1137 3785 1140 3797 ,

209 3902 225 3954 2
244 3900 276 3954 In
294 3902 413 3972 picturis
423 3902 575 3973 Europam,
594 3903 810 3967 Andromedam,
828 3901 1027 3959 Prometheum
1043 3901 1201 3960 exhibenti·

108 3995 171 4055 bus.
209 3996 292 4053 alteri
311 4011 415 4054 nomen
432 4000 550 4072 pictoris
569 3999 697 4056 additum
714 4003 765 4066 est,
789 4000 866 4072 quod
886 4000 1026 4056 Brunniue
1043 3999 1080 4063 Il,
1093 4001 1147 4056 288
1172 4000 1202 4054 in

108 4092 267 4164 mengun
283 4093 424 4151 artificum
442 4097 558 4167 recepit,
577 4091 728 4152 sedlateor
741 4095 1200 4166 fictionissnspiaicncmnFeddio

109 4189 179 4246 scite
205 4205 240 4244 ex
266 4191 328 4262 ipso
352 4191 463 4248 nomine
492 4193 609 4263 petitam
636 4211 654 4248 a
676 4193 870 4263 Kluagmsnno
884 4209 951 4250 non
973 4195 1110 4250 remotam
1132 4189 1208 4260 mihis

108 4285 207 4346 videat
744 4315 763 4337 ··
795 4326 798 4338 ·
1056 4301 1073 4346 't
