2840 4910
768 429 806 490 22

243 603 569 672 commentationibus
589 601 728 670 Heinius
748 603 855 670 editis.
885 602 962 669 hinc
982 603 1181 688 reliquarum
1202 625 1334 688 quoquc

243 713 508 802 descriptionum,
529 712 583 778 ubi
605 721 888 780 monumentorum
909 711 1108 798 comparatio
1127 735 1194 778 non
1214 713 1279 778 iarn
1298 711 1334 776 in

246 833 396 912 promptu
425 831 484 905 est,
515 821 615 888 fidem
643 821 840 905 confirmari,
870 843 942 886 curn
975 821 1056 886 nihil
1085 820 1202 886 saitem
1227 821 1334 887 conti-

245 941 342 998 neant
355 930 443 1016 quod
464 928 542 996 artis
561 929 691 1014 legibus
709 938 872 1016 repugnet
895 950 991 996 nemo
1013 951 1079 996 non
1093 928 1192 994 videt.
1213 950 1335 1019 noque,

245 1061 327 1126 quse
350 1049 480 1106 exstant
506 1040 565 1104 sub
596 1038 728 1104 nomine
762 1037 889 1104 Libanii
925 1038 1125 1127 picturarum
1157 1033 1335 1127 ἐκφράσεις

243 1159 320 1232 tres,
334 1147 459 1236 primal
476 1158 508 1213 et
526 1146 694 1212 secunda²
712 1145 825 1213 rustici
847 1145 1062 1232 venatioique,
1085 1145 1207 1212 tertiae
1226 1145 1333 1212 Troici

243 1256 428 1343 argumenti
450 1256 640 1343 scrupulum
661 1266 802 1322 movent.
844 1265 973 1323 exstant
996 1255 1139 1341 denique
1169 1255 1254 1322 inter
1277 1255 1334 1320 illa

244 1374 533 1454 progymnasmata
549 1367 745 1452 templorum
760 1365 1046 1452 aedificiorumque
1065 1365 1334 1456 descriptiones⁴,

246 1475 362 1560 quibus
374 1475 516 1540 maxime
531 1474 778 1542 luxuriabantur
791 1475 938 1542 homines
960 1475 1132 1563 Byzantini
1145 1480 1167 1542 ⁶.

341 1583 409 1650 Iam
443 1605 518 1650 cum
551 1583 592 1649 ad
626 1584 725 1652 finem
754 1585 849 1650 huius
881 1607 1035 1654 recensus
1058 1595 1251 1673 perventum
1283 1587 1333 1670 sit,

243 1691 492 1760 concedendum
516 1692 646 1760 videtur
668 1694 869 1760 vetustiores·
891 1695 1061 1781 sophistas,
1089 1695 1206 1782 quibus
1234 1694 1332 1761 Galli·

244 1811 362 1868 stratus
384 1822 515 1888 quoque
536 1801 800 1868 adnumerandus
821 1812 881 1887 est,
900 1825 997 1892 quem
1018 1828 1036 1869 a
1055 1802 1262 1870 Philostratia
1283 1825 1328 1872 se

244 1933 358 2000 parare
379 1911 479 1991 nolui,
508 1912 586 1976 artis
613 1933 749 2000 operum
777 1913 916 1999 vestigia
943 1915 1057 1998 legere
1079 1914 1192 1980 solitos
1220 1914 1328 2000 fuisse,

245 2019 392 2107 exeeptis
415 2021 460 2086 eis
488 2020 567 2088 loeis
596 2022 694 2088 facile
723 2021 970 2110 perspiciendis,
992 2024 1108 2108 quibus
1138 2023 1327 2090 senentiam

247 2129 387 2215 aliquam
408 2130 568 2218 graphice
591 2131 908 2221 illustrare'placuit.

249 2306 283 2362 cf.
301 2305 409 2361 Petere.
430 2323 528 2362 comm.
546 2306 574 2359 11
594 2324 622 2376 p.
635 2309 668 2360 12
678 2325 737 2378 sqq.
761 2339 792 2346 —
819 2325 875 2362 non
891 2309 957 2392 ¹siue
979 2326 1062 2364 causa
1079 2265 1207 2365 Herculis
1233 2315 1262 2366 et
1275 2309 1319 2364 dn·

247 2402 303 2457 tasi
322 2402 399 2458 lucta
414 2401 594 2458 difficillimae
613 2404 791 2459 tractationis
809 2411 1004 2476 argumentum
1022 2405 1069 2472 (cf.
1077 2424 1103 2475 p.
1113 2408 1219 2470 1086,2
1238 2400 1327 2464 πόνους

245 2500 277 2552 δὲ
294 2492 346 2570 ἄρα
363 2497 525 2570 Ἡρακλέους
543 2495 591 2552 οὐκ
609 2490 643 2564 ἦν
660 2501 709 2560 ἔξω
727 2495 822 2555 πόνων
839 2502 969 2571 διελθεῖν)
988 2501 1031 2558 bis
1046 2502 1178 2557 interilla
1187 2519 1327 2573 praeexer-

249 2596 398 2650 citamenta
416 2601 567 2667 comparet.
592 2596 628 2652 ci.
647 2597 681 2652 de
694 2597 747 2652 hac
765 2615 795 2651 re
811 2597 917 2652 Petere.
935 2613 1034 2653 comm.
1052 2598 1090 2653 Ν
1107 2615 1134 2668 p.
1146 2603 1161 2652 1
1174 2617 1234 2668 sqq.
1272 2615 1331 2654 cum

247 2707 279 2745 ea
298 2691 493 2760 descriptione,
511 2707 581 2760 quae
603 2691 755 2746 novissima
780 2691 885 2762 legitur
910 2693 984 2762 apud
1007 2692 1068 2748 Lib.
1085 2693 1123 2748 IV
1142 2712 1170 2764 p.
1183 2695 1252 2748 uuo
1269 2690 1334 2750 Ἀλε·

244 2789 360 2866 ξάνολροο
370 2795 418 2848 τοῦ
427 2800 536 2849 κτίστου
545 2798 611 2864 apte
621 2794 810 2864 componitur:
828 2789 1247 2866 ἔκφροσοςνοῦΑὐγοοονεῶνος,
1266 2807 1335 2861 quac

245 2891 319 2946 inter
337 2891 451 2962 Georgii
469 2891 645 2961 Pachymeris
669 2892 767 2961 (Walz.
786 2891 837 2949 Rh.
857 2909 899 2964 gr.
917 2892 930 2946 1
947 2891 1048 2962 psus)
1076 2895 1169 2947 exstat
1186 2889 1333 2945 Iustiniani

245 2991 367 3044 statuum
387 2991 544 3057 equestrem
559 2987 699 3045 exhibens.

346 3086 359 3136 1
378 3083 417 3137 IV
433 3100 460 3152 p.
473 3085 552 3139 1048:

190 3251 193 3256 Ι
346 3181 364 3233 2
380 3179 420 3234 Ν
437 3199 464 3249 p.
478 3181 553 3234 1057.
573 3179 671 3233 similis
690 3183 734 3234 et
743 3179 811 3234 haec
823 3181 920 3246 tabula
929 3182 1087 3251 argumenti
1097 3183 1182 3250 atque
1192 3180 1233 3245 e'a,
1254 3195 1335 3247 quam

248 3276 333 3330 tertio
353 3275 445 3346 capite
462 3274 650 3330 Philostratus
665 3274 762 3330 iunior
778 3275 921 3332 describit.
959 3277 1041 3331 buius
1065 3275 1176 3347 generis
1201 3275 1336 3346 imagines

246 3372 290 3427 vel
306 3369 503 3426 recentissimis
521 3369 691 3438 Byzantinos
710 3369 810 3426 aetatis
829 3371 1005 3441 temporibus
1026 3370 1104 3442 pingi
1125 3369 1261 3426 solebant.
1301 3369 1335 3423 cf.

246 3467 307 3524 Nic.
326 3467 412 3526 Ghon.
431 3465 474 3522 sd.
493 3466 582 3522 Bonn.
601 3485 628 3537 p.
638 3469 699 3522 433.

313 3601 316 3606 -
346 3567 362 3618 3
380 3563 418 3618 Ν
435 3565 550 3634 ploitt.
568 3564 603 3619 cf.
621 3564 727 3620 Petere.
744 3562 891 3619 comm.1V
903 3581 929 3633 p.
942 3565 983 3630 12,
1003 3563 1051 3633 qui
1069 3561 1195 3618 mutilam
1213 3577 1275 3617 esse
1292 3561 1336 3616 do·

247 3659 428 3729 scriptionem
445 3661 566 3731 probare
585 3660 688 3716 studet.
717 3673 720 3698 ³

346 3759 364 3810 4
383 3755 423 3812 cf.
441 3757 595 3827 Aphthonii
612 3757 829 3828 descriptionem
846 3756 919 3811 arcis
929 3756 1134 3811 Alexandrinae
1151 3755 1264 3826 (Speng.
1286 3754 1338 3808 Rh.

249 3871 290 3925 gr.
310 3853 336 3906 11
353 3871 380 3924 p.
397 3856 440 3918 4⁷,
459 3856 477 3907 9
493 3854 564 3923 sqq.)
582 3853 692 3910 Nicolai
709 3853 841 3924 descript.
859 3851 980 3922 Tychaei
997 3853 1066 3923 (Lib.
1081 3851 1126 3916 Ν,
1140 3853 1209 3932 1113
1229 3871 1261 3898 ==
1276 3851 1336 3905 Nic.

248 3967 275 4020 p.
287 3952 349 4018 408)
369 3949 507 4019 Anonymi
526 3948 686 4019 ecphrasin:
712 3948 759 4002 τοῦ
785 3949 816 4003 ἐν
841 3949 879 4019 τῷ
902 3949 1051 4017 βαπτιστοῦ
1071 3951 1190 4019 aspectu
1208 3950 1338 4019 τεμένους

247 4048 294 4100 νοῦ
311 4041 360 4112 τὴν
378 4040 574 4118 κολυμβήθραν
587 4049 767 4116 περιέχοντος.
788 4043 887 4116 (Wals.
906 4043 957 4099 Rh.
975 4043 1022 4099 Gr.
1043 4043 1056 4097 I
1074 4061 1101 4113 p.
1114 4043 1168 4098 688
1176 4042 1248 4111 sqq.)

347 4143 364 4196 5
383 4142 423 4196 cf.
441 4141 534 4196 Photii
553 4141 689 4196 tumidam
706 4140 921 4211 descriptionem
939 4141 1037 4211 templi
1047 4138 1171 4210 Virginis
1182 4138 1338 4194 aBeirkero
1389 4161 1390 4166 ¹

249 4255 313 4296 cum
324 4238 429 4294 Godino
439 4238 543 4294 editam
552 4239 604 4308 (ed.
615 4239 703 4294 Bona.
712 4257 738 4308 p.
752 4239 802 4293 194
810 4239 880 4308 sqq.)
888 4255 895 4291 τ
905 4238 993 4292 multa
1002 4237 1058 4292 alia
1065 4236 1148 4292 huius
1158 4237 1280 4306 generis,
1290 4237 1340 4292 sed

247 4335 342 4396 insola
354 4334 506 4408 sophistica
517 4352 634 4408 prorsus
641 4335 791 4401 destituta,
803 4337 916 4391 ustam
927 4335 1003 4407 apud
1014 4333 1184 4390 Bandurium
1191 4332 1310 4405 [mppr.
1317 4333 1339 4390 1.
