2840 4910
746 391 784 452 16

218 569 400 636 fabularum
419 569 678 653 distinguerent.
712 590 884 659 possumus
900 579 1007 636 autem
1030 591 1069 634 eo
1090 567 1314 634 confidentius

218 679 392 762 affirmare,
415 679 581 746 Achillem
612 681 726 746 saltem
756 701 907 746 verarum
930 679 1050 744 artium
1079 677 1226 744 recolere
1243 675 1314 742 ‘vo-

216 786 317 854 luisse
348 789 553 873 memoriam,
584 811 657 856 cum
691 799 821 878 praeter
852 783 1018 856 Lucisnea
1047 788 1155 855 huius
1177 788 1313 873 generis

219 895 464 982 figmenta-vel
488 899 580 986 apud·
598 897 912 988 praestantissimum
938 893 1151 966 Milesiarum
1165 895 1312 964 condito-

216 1025 286 1071 rem
308 1005 342 1071 in
364 1016 518 1096 promptu
541 1008 583 1074 sit
612 1007 801 1094 descriptio,
825 1007 918 1093 quae,
941 1015 978 1072 ut
1007 1005 1153 1072 indolem
1176 1025 1312 1096 prorsus

217 1113 388 1197 diversam.
410 1116 451 1182 ah
480 1114 545 1182 illis
572 1115 693 1203 prodit,
720 1115 767 1180 ita
794 1115 893 1182 hosce
923 1115 1111 1202 scriptores,
1133 1115 1161 1182 si
1183 1116 1312 1200 fingere

218 1221 264 1290 eis
286 1222 455 1310 placuerit,
478 1224 795 1300 verisimilitudinem
824 1247 890 1290 non
912 1224 995 1290 adeo
1019 1245 1161 1308 curasse,
1183 1225 1311 1314 prohat.

227 1367 229 1372 ·
315 1333 364 1400 Ita
389 1333 475 1403 enim
495 1334 581 1422 apud
595 1334 746 1420 Longum
765 1338 773 1378 ¹
797 1335 945 1422 picturae
960 1333 1099 1401 Lesbiae
1114 1333 1311 1402 describitur

222 1452 465 1527 argumentum,
487 1453 524 1508 ut
544 1443 585 1510 de
608 1466 687 1510 vera
709 1445 818 1510 tabula
840 1444 972 1512 omnino
995 1443 1135 1530 cogitari
1157 1453 1310 1530 nequeat,

215 1553 362 1638 nihilque
393 1553 567 1640 sophistam
601 1554 661 1619 nisi
684 1553 891 1619 commodum
927 1553 1102 1619 narrationi
1140 1551 1311 1620 introitum

217 1682 332 1751 parare
355 1661 509 1746 voluisse,
538 1672 701 1751 appareat.
745 1663 861 1728 mirum
893 1673 952 1745 est,
973 1661 1045 1752 ipso
1067 1662 1144 1728 artis
1169 1685 1228 1728 usu
1252 1662 1309 1726 de-

217 1779 396 1853 crescente,
430 1770 570 1836 crevisse
600 1771 890 1838 describendarum
925 1771 1041 1836 artium
1077 1771 1233 1850 furorem,
1255 1771 1310 1838 cui

97 1879 100 1897 '
217 1902 313 1948 nemo
333 1879 492 1967 puerilius
516 1879 651 1945 indulsit
674 1902 770 1964 quam
792 1879 1016 1946 Eusthathius.

275 1986 384 2056 Sed
415 1988 609 2076 plerumque
635 1989 783 2055 homines
807 1987 982 2075 Byzantini
1007 2011 1072 2054 non
1103 1987 1167 2053 iam
1189 1987 1309 2056 Gracci

216 2091 399 2200 φιλόκαλοι,
428 2097 485 2162 sed
509 2098 638 2164 barbari
659 2087 899 2186 φιλόπλουτοι
904 2120 970 2163 non
994 2108 1060 2172 tam
1081 2107 1185 2162 artem
1212 2119 1306 2182 quam

216 2205 383 2306 materiam
403 2205 546 2273 laudant.
587 2207 676 2272 Hinc
698 2207 886 2296 splendent,
916 2228 994 2272 auro
1026 2227 1188 2271 marmore
1211 2227 1303 2296 opere

216 2315 341 2394 musivo
373 2309 673 2405 illucescerent
674 2366 683 2398 ,
711 2318 827 2403 quibus
855 2315 976 2382 Paulus
1004 2315 1111 2384 Silcnt
1098 2313 1197 2382 tarius
1229 2325 1301 2382 tem·

217 2425 307 2512 plum
338 2393 481 2512 Sophiae
519 2421 913 2512 Constantinopolitanum
955 2447 1019 2490 non
1052 2434 1117 2490 tam
1154 2403 1308 2490 describit

217 2557 313 2621 quam
336 2532 514 2622 praedicat.
557 2533 730 2600 Choricius
759 2555 889 2623 quoque
919 2533 1043 2600 duabus
1073 2532 1309 2610 orationibus
1403 2603 1404 2624 ,

217 2667 297 2732 quas
318 2643 353 2708 in
374 2625 533 2710 Marciani
554 2643 669 2710 laudes
694 2644 878 2734 compesuit
897 2644 1012 2730 longas
1034 2643 1231 2731 templorum
1252 2641 1310 2706 de·
1403 2637 1404 2670 r

217 2752 411 2840 scriptiones
432 2750 570 2848 infersit.

316 2861 434 2948 Neque
450 2871 560 2927 tamen
578 2860 751 2926 statuariae
766 2861 981 2948 picturaeque
1000 2882 1135 2948 prorsus
1157 2859 1310 2946 neglecta

219 2983 293 3070 sunt
315 2992 423 3061 opera,
448 2980 480 3035 ct
505 2979 543 3034 ut
564 2969 768 3037 Choricius
759 2992 792 3035 rn
814 2969 923 3054 priore
945 2990 1057 3034 carum
1078 2990 1157 3054 quas
1178 2965 1310 3032 laudavi

218 3076 398 3151 orationum
428 3074 563 3162 longum
592 3075 792 3163 picturarum
814 3074 921 3162 pariet
909 3073 993 3142 tibus
1014 3074 1127 3205 templi
1151 3074 1310 3140 illitorum

217 3186 355 3285 instituit
366 3206 548 3270 recensum,
569 3184 615 3250 sic
631 3183 741 3251 Christ
743 3184 863 3250 odorus
882 3181 1086 3278 Zeuxippi’
1065 3205 1223 3272 εκφρασιν
1236 3205 1310 3253 ver·

216 3269 304 3360 sibus
325 3290 467 3357 heroicis
494 3289 637 3374 inclusit,
662 3290 758 3356 modo
781 3292 925 3357 breviter
952 3301 1073 3358 statms
1101 3312 1309 3374 enumerans,

219 3403 314 3468 modo
347 3400 545 3490 sophisticae
572 3400 649 3467 artis
680 3400 855 3484 elegantiis
886 3400 1125 3488 descriptiones
1158 3399 1309 3466 dilatans.

216 3513 295 3579 hinc
314 3533 427 3578 rursus
448 3510 483 3576 in
506 3530 616 3580 rerum
637 3511 812 3597 scriptores
833 3511 937 3578 simile
960 3511 1101 3576 studium
1124 3509 1308 3575 derivatum

218 3632 277 3704 est,
296 3622 350 3706 qni
377 3621 432 3686 vel
463 3619 688 3685 recentissima
720 3629 835 3701 aetate,
868 3617 902 3684 in
932 3617 1158 3685 describendis
1189 3618 1308 3683 artium

218 3729 372 3819 operibus
392 3727 601 3817 sophisticum
626 3749 830 3814 nequaquam
853 3739 1013 3817 spernunt
1034 3727 1176 3794 colorem
1189 3731 1214 3828 ⁴.

319 3909 332 3958 1
352 3904 441 3975 Long.
459 3904 546 3974 praet.
566 3921 592 3974 p.
605 3907 618 3956 1
629 3921 669 3974 sq.

318 3995 500 4074 2”Eappaorc
515 4001 561 4068 τῆς
578 3993 700 4071 μεγάλης
716 4000 859 4071 ἐκκλησίας
876 4001 904 4054 ct
921 4001 1056 4072 ἔκφρασις
1070 4001 1118 4053 τοῦ
1135 3993 1272 4072 ὅμρωνος.

313 4093 337 4152 '8
355 4096 396 4152 Gt.
417 4094 524 4151 chorio.
535 4093 578 4149 ed.
594 4093 682 4150 Boias.
696 4111 724 4163 p.
735 4097 770 4149 83
782 4111 842 4166 sqq.
860 4096 949 4165 (εἴπερ
967 4090 985 4147 ἃ
1002 4097 1114 4162 βλέπειν
1126 4091 1187 4162 ἡδὺ,
1206 4089 1311 4151 τούτων

218 4189 374 4265 ἀκροᾶσθαι
390 4187 520 4264 τερπνόν)
538 4196 567 4247 ot
583 4208 611 4260 p.
623 4193 674 4245 114
683 4207 743 4260 sqq.
878 4231 882 4237 .

316 4288 392 4345 tcf.
414 4288 529 4344 Oedren.
548 4287 561 4341 I
579 4306 606 4358 p.
617 4289 685 4342 565:
708 4287 868 4358 Descriptio
889 4287 1082 4356 Anemodulii;
1110 4287 1199 4344 Nicet.
1219 4287 1309 4344 (lhos.
