2840 4910
749 367 787 440 rt

223 561 293 642 bus,
317 560 438 642 nutrix,
457 581 540 648 quae
563 558 734 646 epistolam
758 557 1149 634 amatoriamtradiderat,
1171 558 1305 645 punitur.

224 670 342 738 Genua
362 668 507 736 flectenti
519 689 632 734 servus
644 668 756 734 clavae
769 668 899 755 plagam
914 661 1091 750 minitatur,
1112 689 1209 755 quam
1228 666 1307 735 alter

223 777 447 845 misericordia
477 787 582 844 motus
602 776 755 846 bracchio
777 779 931 864 excipere
956 778 1075 847 studet.
1123 776 1164 842 de
1193 786 1307 859 monte,

225 887 279 975 qui
300 887 334 954 in
355 887 485 952 tabulae
506 895 599 972 parte
623 886 797 952 remotiore
820 885 927 974 pictus
951 897 1032 970 erat,
1055 896 1236 968 venatores,
1255 908 1306 972 pa-

222 1006 335 1076 stores,
361 994 515 1060 mulieres
541 1017 611 1060 rem
637 997 822 1062 observant.
865 997 1002 1066 Duabus
1034 995 1084 1061 his
1112 993 1304 1080 imaginibus

222 1106 350 1192 pictura
370 1103 620 1192 superimposita
655 1114 725 1178 erat
755 1114 984 1188 argumentum
1010 1105 1172 1173 extentio
1199 1103 1307 1170 Iliadis

220 1215 311 1282 libro·
326 1215 477 1282 haustum
501 1216 681 1295 continens,
703 1237 799 1298 quam
822 1214 869 1278 ita
891 1213 1045 1280 describit
1069 1213 1251 1298 Charicles,
1271 1224 1307 1280 nt

220 1347 281 1414 per
305 1325 473 1410 quinque¹
497 1345 588 1390 areas
606 1323 794 1391 distributas
818 1345 931 1390 scenas
954 1323 1099 1406 cogitare
1122 1323 1304 1402 debeamus.

219 1431 463 1502 recentissimae
483 1442 548 1509 'est
579 1433 694 1498 aetatis
720 1431 927 1508 Constantini
960 1434 1124 1500 Manassen
1154 1429 1307 1522 ἔκφρασις

220 1542 463 1607 lithostromutis
486 1541 649 1623 rotundit,
671 1542 759 1608 trude
774 1543 960 1608 llanuelem
984 1541 1112 1608 Philem
1137 1563 1305 1626 argumen-

220 1661 287 1716 tum
316 1650 447 1734 petiisse
479 1671 643 1732 versuum,
666 1650 782 1734 quibus
805 1649 971 1716 Telluris8
1001 1649 1179 1736 imaginem
1199 1671 1305 1738 perse·

322 1788 334 1836 1
354 1783 447 1838 Prima
464 1801 528 1837 area
545 1783 660 1838 exhibet
675 1783 818 1838 Priamum
840 1798 903 1839 cunr
922 1784 1066 1840 Antenore
1091 1783 1244 1838 advectum.
1269 1785 1307 1838 al-

219 1884 282 1936 tera
307 1880 397 1950 ipsum
415 1881 489 1949 rtgis
507 1881 661 1938 adventum,
676 1881 705 1936 iia
722 1885 814 1936 castra
832 1880 952 1936 Troiana
971 1900 996 1950 p.
1019 1883 1077 1943 170,
1096 1881 1197 1949 5-253
1226 1881 1308 1935 tertia

220 1995 341 2048 pugnam
358 1977 445 2031 hastis
463 1977 646 2044 commissam,
666 1977 707 2046 (id
731 1977 813 2046 quod,
841 1977 908 2032 licet
932 1994 987 2030 non
1012 1982 1141 2034 accurate
1160 1977 1306 2032 distinctae

219 2075 337 2140 sintres,
354 2075 472 2144 probare
490 2074 619 2131 videntur
637 2074 722 2130 verba
733 2073 820 2127 Vlixis
840 2073 994 2139 clanmntis,
1013 2091 1039 2142 p.
1053 2077 1136 2142 171‚1
1154 2068 1245 2129 Baitia
1261 2073 1308 2128 τὸν

217 2165 305 2240 ἄνδρα
329 2170 364 2222 δι’
385 2165 418 2222 ὃν
436 2167 541 2234 Ἑλένης
556 2163 686 2240 χηρεύεις.
714 2169 749 2222 δι’
767 2163 800 2221 ὃν
826 2162 1022 2240 intercipere)
1053 2175 1153 2239 quarta
1180 2169 1303 2224 Paridem

219 2269 391 2336 prostratum
414 2264 547 2335 galeaque
574 2268 717 2334 arreptum
737 2282 753 2317 a
770 2264 895 2318 Menelao
914 2263 1022 2319 Venere
1042 2265 1207 2319 adstantes
1227 2259 1298 2334 terge

219 2367 248 2416 et
266 2363 336 2416 elam
356 2361 497 2415 vinculum
515 2361 646 2416 solvente.
675 2360 788 2430 quintae
808 2367 1001 2431 argumentum
1020 2361 1089 2416 haec
1108 2359 1169 2430 ipsa
1187 2369 1231 2415 est
1256 2361 1302 2416 dea

217 2459 351 2512 Helenam
369 2457 552 2526 Paridemque
572 2457 608 2512 ad
626 2460 719 2511 torum
737 2457 903 2512 conducens.
936 2457 1077 2511 Brunuins
1099 2457 1225 2525 (Bullett.
1246 2457 1306 2512 dell'

219 2555 287 2610 lnst.
309 2556 377 2609 1849
394 2571 424 2623 p.
438 2556 470 2607 61
481 2558 531 2622 sq.)
552 2554 625 2608 hunc
643 2553 796 2607 thalamum
815 2554 842 2607 ei
860 2569 959 2608 scenae
975 2553 1151 2622 respondisse
1169 2555 1308 2626 opinatus,

218 2669 286 2721 quae
306 2650 456 2706 exhibebat
475 2650 614 2706 Theseum
631 2655 661 2706 et
679 2650 842 2715 Phaedram,
863 2653 938 2706 inter
958 2649 1067 2706 Paridis
1086 2669 1195 2720 quoque
1216 2651 1310 2706 nutri-

217 2749 311 2818 cisque
329 2747 503 2817 punitionem
522 2747 638 2802 eandem
656 2747 794 2804 rationem
811 2747 987 2804 intercedere
998 2747 1167 2806 arbitratur.
1207 2763 1261 2819 qua
1278 2745 1310 2799 in

217 2862 247 2899 re
266 2844 334 2899 duas
351 2849 458 2902 tantum
477 2843 640 2899 novissimas
658 2844 877 2912 descriptionum
896 2847 989 2913 partes
1010 2843 1171 2913 respiciens,
1190 2842 1311 2912 quaein

216 2940 446 2996 antecedentibus
468 2938 608 3010 leguntur,
635 2945 684 2994 aut
707 2941 813 3006 reiicit,
838 2941 887 2992 aut
908 2956 972 2994 cum
999 2939 1041 2993 his
1067 2940 1230 2996 commiscet
1254 2938 1309 3009 (sic

214 3037 319 3090 Priami
343 3037 493 3090 adventum
518 3038 548 3090 in
571 3037 790 3091 monomachiam
816 3037 926 3090 Paridis
948 3035 1053 3090 infert:
1082 3036 1092 3090 i
1122 3036 1271 3092 eacciatori
1292 3054 1311 3090 a

215 3133 324 3188 cavallo
344 3131 563 3202 corrispondono
582 3130 657 3186 forse
684 3131 740 3185 alla
764 3132 908 3202 quadriga,
936 3131 988 3186 che
1014 3135 1097 3200 porta
1123 3131 1233 3188 Priamo
1264 3131 1311 3185 sul

216 3229 301 3299 luogo
319 3229 366 3283 del
383 3228 635 3294 combattimeuto).
655 3228 704 3282 sed
719 3245 781 3284 cum
800 3227 855 3281 iam
873 3227 981 3283 nullum
999 3227 1036 3282 sit
1053 3227 1194 3292 indicium,
1213 3228 1311 3283 rheto-

216 3324 273 3379 rice
291 3324 354 3378 illns
371 3328 467 3393 partes
486 3339 546 3378 esse
563 3323 680 3387 affictas,
700 3329 727 3379 01
744 3325 805 3393 ipae
827 3324 954 3393 sophista
963 3324 1101 3380 brevitate
1110 3324 1313 3394 descriptionis

216 3421 339 3476 indicare
357 3421 485 3475 videatur
503 3422 592 3476 multo
610 3423 732 3478 minores
757 3423 844 3478 fuisse
870 3425 1028 3494 superiores
1048 3443 1130 3494 quam
1151 3425 1312 3487 interiores,

215 3517 289 3572 haud
310 3519 367 3572 scio
387 3495 1043 3591 1181111111001100111011101101110111101011.
1069 3525 1223 3591 praeterea,
1242 3520 1315 3575 licet

214 3614 320 3684 aliquid
343 3615 462 3684 speciosi
479 3615 580 3670 habeat
599 3615 752 3672 similitudo
771 3633 841 3687 quae
858 3618 932 3672 inter
944 3617 1053 3672 Paridis
1073 3617 1248 3686 nutricisque
1267 3616 1313 3670 in-

214 3709 335 3766 tercedit
346 3711 528 3781 punitionem,
548 3716 642 3766 tamen
660 3712 797 3767 thalamus
809 3713 954 3781 Troianus,
972 3714 1020 3782 qui
1030 3718 1090 3767 tres
1103 3711 1313 3782 continetiigu·

214 3825 269 3875 ras,
286 3807 362 3861 nullo
381 3806 464 3861 modo
480 3809 715 3879 convenitregiae
724 3809 898 3876 Atheniensi,
919 3809 967 3864 nbi
985 3809 1132 3864 duodecim
1150 3809 1210 3864 fere
1229 3825 1313 3862 eom·

215 3906 323 3974 parent.
680 3943 684 3952 .

312 4003 328 4052 2
345 3997 454 4054 Publici
475 4015 537 4052 eam
561 3999 630 4053 iuris
653 3999 722 4056 lecit
739 4001 895 4056 Hercherus
923 4004 956 4056 11
970 4002 1086 4058 Memor.
1107 4002 1170 4058 dell’
1186 4000 1260 4058 inst.
1280 4001 1312 4056 11

213 4095 372 4165 1149111111.
1172 4169 1175 4172 Ι

312 4193 329 4246 8
346 4190 444 4246 Edidit
462 4207 521 4248 eam
540 4197 569 4246 01
587 4193 730 4248 enarravit
751 4191 877 4248 Starlrius
895 4194 926 4248 ln
944 4193 1173 4252 commentariolo
1189 4193 1225 4248 de
1244 4193 1315 4249 Tel-

213 4288 273 4342 lure
290 4285 356 4342 Dea.
376 4287 431 4343 len.
444 4291 521 4345 1848.
1131 4301 1134 4306 ‘
