2840 4910
659 407 695 466 19

63 587 82 670 f
133 585 252 671 quitor,
281 585 339 650 vix
360 566 495 651 dubium
525 605 595 649 esse
617 592 735 671 potest.
774 603 894 668 agmen
923 579 1080 648 claudunt
1103 573 1223 668 ἐκφρά-

130 717 198 771 σεις
219 692 398 780 imaginum
419 717 438 757 a
461 693 573 758 Marco
602 691 771 777 Eugenico
804 689 1032 757 Philostrateis
1057 687 1220 753 coloribus

130 802 291 891 depictae,
313 825 393 890 quas
416 801 585 886 Kayserue
604 800 797 884 fragmentis
815 799 890 865 libri
910 798 987 883 περὶ
1008 799 1221 883 γυμναστικῆς

129 935 147 975 a
170 933 204 978 se
227 909 346 1006 editis1
370 909 547 976 subiunxit.
592 909 676 991 sacri
698 918 773 974 sunt
801 917 932 995 praeter
955 927 1036 988 eam,
1061 927 1142 992 quae
1164 925 1222 971 no·

129 1019 261 1085 sissima
285 1018 418 1104 legitur,
440 1017 634 1104 argumenti.

230 1113 380 1215 Apparet
416 1129 531 1194 saltem
563 1149 605 1191 ex
636 1126 728 1192 hisce
758 1125 915 1207 frustulis,
946 1124 1061 1212 quibus
1091 1134 1221 1210 tempus

124 1237 284 1326 pepercit
314 1245 515 1324 quantopere
551 1235 735 1301 hominibus
760 1235 952 1320 Byzantinis
981 1233 1055 1298 talia
1087 1233 1220 1321 placue-

128 1345 203 1426 rint,
238 1345 366 1448 quade
391 1368 488 1410 causa
521 1367 587 1410 non
611 1344 727 1409 mirum
752 1343 915 1409 videbitur
950 1342 982 1405 id
1018 1341 1105 1428 quod
1132 1363 1221 1406 com-

126 1455 291 1542 perimus,
327 1455 390 1519 iam
423 1475 595 1540 puercec
578 1440 650 1519 cum
675 1453 716 1519 ad
751 1452 886 1517 aliarum
919 1473 1047 1535 rerum,
1079 1461 1147 1516 tum
1179 1448 1219 1514 ad

127 1563 245 1628 artium
266 1551 502 1650 descriptiones
522 1561 740 1628 instituendos
760 1583 816 1626 eos
842 1582 980 1627 curasse
1014 1561 1089 1624 licet
1112 1566 1219 1624 autem

128 1674 191 1738 iam
215 1673 321 1761 primo
347 1673 454 1736 statim
478 1681 634 1759 tempore,
667 1693 709 1736 ex
732 1691 795 1756 quo
818 1666 1006 1758 ‘'dispenses’,
1033 1692 1052 1733 a
1075 1667 1218 1755 complu·

130 1784 220 1850 ribus
241 1781 401 1848 technicis
425 1805 559 1869 prorsus
582 1782 718 1870 explosa
729 1786 752 1865 ²,
776 1781 860 1846 inter
886 1777 1220 1869 praeexercitamenta

130 1892 295 1957 rhetorica
316 1901 448 1978 recepta
470 1890 586 1975 fuerat,
609 1911 843 1976 nonnunquam
864 1891 904 1954 ab
928 1888 1043 1953 artium
1065 1885 1219 1974 operibus

128 2009 323 2087 argumenta
354 1999 524 2087 petierint,
553 2009 660 2064 tamen
694 2023 712 2064 a
744 1997 933 2084 Byzantinis
963 1997 1092 2062 demum
1125 1994 1219 2059 huius

130 2109 263 2195 generis
285 2103 462 2197 ἐκφράσεις
485 2117 637 2195 receptae
671 2117 746 2172 sunt
767 2107 854 2171 inter
877 2105 1029 2193 exempla
1053 2125 1135 2190 quae
1154 2102 1219 2168 dis-

130 2220 312 2307 cipulorum
338 2219 443 2284 studio
467 2217 693 2283 commendare
720 2217 876 2283 solebant.
900 2217 1037 2280 fortasse
1063 2212 1239 2279 retentio-0

130 2329 219 2392 ribus
250 2329 344 2394 nimis
375 2329 514 2393 otiosum
543 2313 724 2409 videbatur,
754 2324 978 2390 huiuscemodi
1008 2321 1103 2409 nugis
1134 2323 1219 2389 vires

131 2457 296 2520 exercere,
329 2461 413 2521 cum,
449 2458 530 2522 quae
565 2436 737 2523 proferunt
771 2433 922 2523 exempla
932 2477 944 2517 ,-
979 2433 1086 2498 omnia
1125 2455 1219 2497 usum

128 2543 269 2610 rhetoris
292 2546 489 2612 cotidianum
505 2543 678 2610 redoleant
689 2550 711 2608 ³.
742 2542 851 2631 itaque
874 2565 940 2607 non
956 2552 1030 2606 anto
1046 2540 1218 2606 Nicolaum
1273 2605 1275 2610 .

50 2731 54 2738 Ι
128 2653 242 2739 quinto
265 2679 297 2742 p.
314 2655 393 2722 Ohr.
416 2665 526 2719 natum
549 2653 680 2718 sacculo
702 2659 1023 2739 progymnasmatum
1046 2649 1218 2716 concinna·

131 2771 246 2846 torem,
267 2773 440 2848 praecepta
456 2763 496 2827 ad
517 2761 633 2825 artium
652 2759 903 2849 descriptionem
920 2759 1117 2846 pertinentia
1133 2779 1219 2824 com·

130 2879 247 2959 parent
258 2875 280 2935 ⁴.
323 2871 350 2935 ie
376 2877 498 2958 primus
521 2871 553 2935 in
578 2869 801 2936 describendis
823 2869 935 2934 statuis
958 2879 992 2948 et
1012 2869 1215 2954 imaginibus,

229 3063 242 3113 l
260 3060 442 3115 Philostratei
461 3059 527 3116 libri
547 3061 581 3114 de
599 3059 780 3131 gyneceum,
800 3075 870 3128 quae
887 3062 1038 3128 supersunt
1050 3057 1092 3113 ed.
1103 3058 1218 3128 Kayser.

126 3155 254 3210 Heidelb.
276 3159 355 3210 1840.
373 3174 400 3226 p.
413 3158 464 3210 129
482 3161 511 3210 et
528 3137 615 3226 praef.
635 3173 663 3226 p.
673 3154 746 3211 XIII.

228 3251 453 3321 Hermogenes
472 3252 614 3322 Spengelii
639 3251 702 3320 (uh.
725 3251 772 3306 Gr.
792 3251 819 3306 11
842 3270 869 3320 p.
887 3253 927 3314 17,
947 3250 985 3318 lt:
1011 3255 1104 3304 ἰστέον
1127 3250 1158 3304 δὲ
1184 3249 1220 3310 ὥς

128 3350 184 3403 τῶν
202 3343 400 3417 ἀκριβεστέρων
422 3347 492 3406 τινὲς
510 3344 558 3402 οὐκ
578 3351 682 3403 ἔθεσαν
706 3345 755 3414 τὴν
779 3349 915 3420 ἔκφρασιν
940 3351 977 3407 εἰς
998 3340 1161 3418 γύμνασμα,
1184 3345 1220 3406 οἷς

128 3445 354 3516 προειλημμένην
374 3446 419 3494 καὶ
437 3443 467 3498 ἐν
484 3437 618 3514 μύθῳ..
642 3437 790 3509 ..ἐπειδή
807 3459 876 3502 τινες
893 3461 924 3496 ον
942 3443 1039 3514 φαῦλοι
1060 3445 1105 3495 καὶ
1122 3436 1220 3509 ταύτην

126 3543 371 3612 cynnamomum
387 3544 443 3598 τοῖς
457 3534 666 3610 μυμνάσμασιν,
685 3533 912 3610 ἧκολουθὴσαμεν
931 3536 1007 3593 καὶ
993 3544 1072 3634 ημεΙς
1083 3541 1219 3610 ῥᾳθυμίας

126 3638 250 3708 ἔγκλημα
268 3651 421 3708 φευγονιες.

227 3735 243 3786 3
262 3731 498 3792 Commendantur
515 3730 661 3799 ecphrases
679 3725 892 3801 προσώπων(οΙ
902 3685 1032 3786 Menand.
1043 3730 1088 3801 Sp.
1098 3730 1146 3796 111,
1158 3732 1218 3794 404,

127 3832 192 3884 set
208 3830 269 3893 405,
280 3828 375 3897 30eq.)
392 3831 561 3898 πεζομαχίας
578 3830 624 3880 καὶ
640 3832 794 3898 ναυμαχίας
811 3825 856 3894 (ef.
873 3825 955 3880 Dion.
967 3826 1027 3882 Hel
1047 3827 1079 3882 A.
1098 3826 1150 3881 Rh.
1169 3825 1216 3888 XI,

129 3927 174 3991 17)
194 3927 314 3996 λιμένων
335 3924 382 3994 (ef.
401 3923 475 3978 Men.
494 3941 554 3978 ene.
573 3923 620 3989 ΙΙΙ,
632 3925 693 3992 383,
705 3925 746 3994 15)
772 3925 850 3995 ἔαρος
875 3928 921 3976 καὶ
938 3929 1036 3996 θέρους
1054 3923 1139 3990 (Men.
1157 3940 1219 3978 ene.

127 4021 176 4088 ΙΙΙ,
189 4023 250 4085 408,
262 4022 279 4074 9
289 4025 359 4091 sqq.)
379 4021 471 4093 ἑορτῆς
490 4019 535 4088 (cf.
555 4019 629 4074 Men.
649 4037 708 4074 ene.
729 4020 776 4082 ΙΙΙ,
787 4022 849 4089 445,
860 4021 894 4087 Ι).

180 4147 181 4152 1
229 4119 246 4168 4
263 4115 326 4170 Non
343 4116 476 4187 indagare
502 4115 622 4185 contigit
644 4115 717 4170 unde
736 4116 838 4171 habeat
857 4114 1071 4184 Bernhardyiue‚
1096 4131 1165 4185 quae
1184 4116 1219 4169 de

127 4210 209 4266 huius
229 4213 339 4283 generis
358 4213 581 4270 exercitamentis
604 4211 713 4286 profert
736 4213 766 4267 in
782 4212 880 4268 histor.
899 4212 986 4268 litter.
1005 4229 1032 4282 p.
1045 4213 1098 4266 524
1117 4217 1155 4284 (p.
1166 4213 1219 4266 607

51 4371 56 4378 ,
128 4307 172 4366 ed.
190 4307 312 4379 tertiae).
