2840 4910
793 393 833 456 26

269 572 418 640 diversus
449 583 497 640 eat
527 598 546 640 a
579 572 796 656 Philostratis,
825 573 914 660 quod
939 595 1046 662 neque
1076 572 1237 639 artificum
1267 571 1357 638 nobi-

269 684 348 748 lium
380 705 487 771 neque
517 685 675 763 locorum,
707 682 761 748 ubi
795 691 940 765 exstant,
973 703 1072 769 opera
1105 683 1234 766 nomina
1265 683 1356 746 eelat.

229 851 235 864 ,
268 791 323 880 qui
345 793 371 858 ei
405 792 615 859 nihilominus
641 789 806 858 interulam
840 791 964 877 aliquid
997 789 1162 856 affluxisse
1196 789 1354 878 putandus

269 910 320 967 eat
334 907 355 985 ¹,
385 898 463 986 quid
488 900 529 967 do
552 900 759 968 Philostratis
782 901 843 966 erit
870 897 1092 984 iudicandum,
1123 900 1177 988 qui
1200 918 1355 985 nusquam

271 1007 368 1074 fidem
388 1022 390 1030 “
408 1029 498 1073 suam
539 1008 789 1096 obligaverunt,
828 1029 934 1095 neque
963 1009 997 1074 in
1033 1008 1159 1074 etatuia
1178 1017 1355 1088 versantur,

270 1137 354 1202 quae
387 1129 522 1206 propter
554 1118 709 1183 materiae
744 1119 887 1184 rationes
923 1117 1188 1204 imaginationem
1220 1117 1354 1182 adstrin-

268 1238 360 1312 gunt,
397 1227 456 1292 eed
482 1228 515 1292 in
541 1226 685 1315 picturis,
722 1249 804 1314 quae
826 1228 979 1294 licentiae
1002 1228 1105 1295 multo
1130 1227 1278 1293 latiorem
1301 1229 1355 1292 fin·

269 1335 368 1421 gandi
393 1357 542 1423 eampum
568 1337 785 1424 patefaciunt:
818 1345 907 1401 tauto
939 1336 1098 1419 latiorem,
1138 1345 1256 1423 quanto
1280 1337 1354 1402 libe·

271 1444 337 1511 rior
359 1455 409 1511 eat
428 1467 506 1511 usus
530 1445 677 1535 penicilli
699 1466 795 1530 quam
816 1447 944 1535 scalpri.

369 1635 381 1686 1
401 1633 526 1704 Agnovit
543 1633 601 1688 tale
618 1633 839 1690 additamentum
856 1652 891 1690 ex
910 1634 1001 1704 poetis
1021 1631 1219 1704 proculdubio
1238 1633 1355 1704 petitum

268 1729 429 1784 Welekerua
448 1730 492 1798 (ef.
511 1729 597 1800 praef.
615 1749 642 1802 p.
653 1731 751 1800 LXXI)
778 1731 807 1786 in
825 1730 937 1802 Orpheo
959 1729 1116 1786 callistrati
1133 1748 1161 1800 p.
1174 1732 1269 1799 30‚120
1294 1731 1355 1794 (Iao.

270 1842 295 1894 p.
310 1825 367 1888 154,
379 1826 432 1893 26).
467 1843 512 1880 res
531 1815 695 1880 confirmata
713 1831 742 1882 et
762 1826 944 1883 meoiudicio
964 1832 1044 1881 extra
1062 1843 1171 1882 omnem
1195 1828 1288 1896 posita
1315 1832 1354 1880 eut

270 1918 474 1975 dubitationem
495 1941 512 1976 a
529 1921 733 1978 Friedeiichsio
750 1921 866 1978 Nachtr.
888 1940 915 1992 p.
928 1925 978 1976 167
989 1939 1047 1992 sqq.
1085 1927 1210 1977 ceterum
1231 1923 1306 1991 quod
1322 1923 1353 1976 ad

268 2018 418 2072 verborum
434 2018 537 2073 attinet
553 2019 692 2074 delectum
709 2017 784 2074 idem
803 2024 987 2090 persecuntur
1007 2020 1099 2074 trium
1118 2019 1219 2074 horum
1239 2035 1352 2088 opuseu-

269 2113 359 2167 lomm
375 2117 504 2169 auctores
523 2113 670 2169 eonsilium
686 2119 771 2184 atque
789 2113 911 2171 eiusdem
927 2115 987 2171 fere
1004 2113 1105 2195 neptia
1123 2113 1275 2200 Attieietae
1290 2113 1350 2167 laxi-

268 2211 648 2279 oorumqueeuaolanatorea,
667 2210 757 2264 forma
767 2211 882 2282 iamrper
893 2211 1143 2282 gratantelegenti
1152 2227 1298 2280 puerorum
1312 2210 1347 2262 in·

231 2307 234 2312 '
268 2305 350 2376 genia
357 2305 519 2362 allicientes.
530 2321 586 2362 nan
596 2306 669 2363 euim
680 2307 739 2362 eine
749 2323 832 2362 cauea
840 2310 988 2378 puerulum
999 2308 1108 2363 iuduoit
1119 2306 1216 2362 alaeam
1224 2321 1346 2362 annorum

269 2403 306 2471 (p.
317 2403 378 2468 386,
388 2403 426 2472 6),
447 2403 525 2458 ouius
543 2404 687 2475 ingenium
703 2423 760 2458 non
780 2405 835 2458 iam
854 2407 993 2460 teveriore
1012 2405 1202 2476 sophistarum
1211 2404 1353 2474 disciplina

265 2499 447 2578 ¹imbuendum
467 2500 512 2570 (of.
531 2500 643 2556 Weber.
657 2502 692 2556 de
711 2501 831 2557 academ.
850 2501 918 2556 Lite
938 2502 1000 2556 Aah.
1013 2520 1041 2572 p.
1050 2504 1093 2556 26.
1112 2501 1200 2556 Marb.
1213 2502 1295 2572 1858)
1314 2499 1358 2556 sel

270 2595 384 2659 criticis,
405 2575 622 2664 qnae'vocabant
631 2597 880 2652 exercitationibus
892 2595 937 2658 (of.
947 2597 1061 2664 Kayser.
1079 2595 1165 2668 praei.
1175 2615 1201 2668 p.
1214 2596 1266 2668 Ill)
1284 2597 1360 2650 insti·

170 2687 173 2694 ’
270 2691 405 2745 tuendum
425 2696 493 2747 eret.
511 2693 744 2762 frequentantem
763 2699 823 2748 eret
841 2691 940 2748 talium
960 2692 1129 2762 scriptorum
1148 2710 1224 2759 uene,
1244 2713 1362 2764 quornm

269 2789 390 2843 lectione
411 2789 504 2845 studio
523 2794 649 2844 veterum
668 2791 837 2860 scriptorum
855 2789 1037 2859 supersedere
1063 2807 1093 2844 ee
1113 2807 1193 2860 poure
1214 2792 1362 2861 putabant.

269 2886 304 2941 ef.
324 2887 390 2942 Luc.
409 2887 513 2958 Rupe
524 2904 548 2942 ο.
560 2890 592 2940 17
611 2883 678 2941 ἀλλὰ
696 2893 741 2941 καὶ
759 2883 949 2958 ἀναγίγνωσκε
967 2884 999 2941 ιὰ
1016 2883 1118 2941 παλαιὰ
1135 2886 1191 2958 μὲν
1207 2884 1250 2960 μὴ
1270 2882 1306 2943 οὐ
1325 2907 1362 2959 γε,
1400 2941 1401 2958 p

269 2982 338 3055 μηδ’
355 2989 382 3038 εἱ
396 3003 420 3036 τι
437 2981 452 3038 ὁ
471 2985 550 3055 λῆρος
564 2978 724 3056 Ἰσοκράτης,
749 2978 937 3056 ἣὸχορίτιιιν
960 2977 1074 3054 ἄμοιρος
1092 2987 1289 3056 Δημοσθένης,
1318 2980 1365 3052 ἢὸ
1400 2981 1401 3046 l

271 3075 379 3150 ψυχρὸς
387 3074 513 3143 Πλάτων,
532 3076 598 3132 ἀλλὰ
617 3075 678 3139 τοὺς
694 3082 750 3136 τῶν
767 3077 821 3150 πρὸ
839 3079 919 3152 ἡμῶν
936 3075 1030 3149 ὀλίγον
1048 3075 1150 3150 λόγους,
1174 3085 1220 3133 καὶ
1238 3077 1274 3141 ἅς
1296 3101 1365 3156 φασι

269 3169 365 3234 τούτοις
383 3177 505 3248 μελέτας,
534 3173 571 3236 οἷς
594 3177 658 3250 ἔχῃς
681 3173 729 3230 ἀπ’
748 3177 860 3231 ἐκείνων
883 3170 1104 3247 ἐπισιτισάμενος
1126 3177 1156 3231 ἐν
1175 3179 1264 3248 καιρῷ
1283 3199 1366 3234 κατο-

266 3271 437 3344 manarent,
455 3266 583 3344 καθάπερ
602 3275 632 3330 ἐκ
649 3279 771 3345 ταμιείου
789 3274 933 3345 προαιρῶν.
961 3309 963 3316 1
