2840 4910
172 985 496 1076 llRlDIlRlOVS
525 987 665 1075 Mnrn
696 987 770 1072 DII
804 987 925 1086 vlrn
956 987 1064 1074 SVA.

157 1224 260 1290 Natus
282 1247 353 1290 sum
375 1223 529 1291 Lubecae
545 1221 608 1288 XV
627 1221 697 1290 Gal
713 1221 797 1288 Nor.
811 1246 840 1288 a.
854 1222 886 1288 h.
899 1247 924 1288 s.
937 1222 1053 1290 XLIII
1072 1231 1166 1312 patre

74 1325 204 1416 Carolc,
228 1345 330 1402 matre
354 1332 504 1403 Mathildi
527 1332 568 1396 de
591 1331 943 1418 genteKruegeriana.
979 1330 1165 1414 Duodecim

71 1467 175 1510 annos
206 1455 299 1509 nctus
331 1443 365 1506 in
394 1440 603 1528 gymnasium
634 1441 759 1528 patriae
788 1441 878 1511 urbis
908 1449 1060 1529 receptus
1084 1465 1165 1524 sum,

73 1551 163 1637 quod
187 1552 323 1618 chiero
346 1562 477 1618 rectore
498 1552 638 1618 florebat
660 1561 693 1616 et
715 1551 819 1618 floret.
850 1550 900 1619 Ibi
926 1561 1057 1639 praeter
1078 1551 1165 1618 huno

72 1658 180 1725 virum
211 1659 332 1748 optime
362 1660 403 1725 de
436 1682 487 1724 me
517 1659 670 1727 meritum
703 1659 880 1748 praecipue
912 1658 1167 1741 Baumeiaterus,

74 1770 278 1854 Mantclsius,
301 1769 448 1836 Prienius
472 1755 654 1836 litterarum
683 1771 719 1834 in
749 1791 800 1844 me
833 1767 1058 1854 excitaverunt
1078 1790 1165 1832 amo·

75 1901 153 1944 rem.
177 1877 290 1944 Verno
310 1859 457 1966 tempore
475 1877 551 1944 anni
570 1877 686 1946 LXIII
700 1877 846 1947 Bonnam
869 1876 935 1944 adii
955 1875 1167 1966 philologieis

74 1987 192 2054 studiis
218 2010 350 2074 operam
367 1998 550 2054 navaturus.
575 1985 640 2052 Per
656 2009 773 2052 novem
790 2009 848 2052 sex
869 2008 997 2054 menses
1014 1986 1059 2052 ibi
1080 2008 1166 2054 com·

74 2107 242 2180 moratum,
267 2085 449 2164 docuerunt
472 2119 524 2162 me
537 2095 748 2180 Bernaysins,
760 2095 960 2169 Brundisinus,
977 2095 1166 2184 Bremerus,

72 2205 217 2290 Diazius,
232 2207 378 2289 Iahnius,
395 2205 720 2288 Manrcnbrecherns,
732 2204 943 2289 Ritscheliua,
956 2201 1166 2288 Schaelerus,

74 2315 278 2400 Schopenus,
301 2316 514 2398 Simroclrins,
535 2315 749 2404 Springerus,
770 2314 949 2392 Vsenerus.
971 2313 1167 2399 Wachsmn·

75 2423 170 2490 thius.
193 2423 368 2492 Praeterea
381 2425 515 2491 interfui
540 2422 750 2512 philologieis
774 2421 1075 2505 exercitationibus,
1099 2422 1166 2509 qui·

76 2533 133 2598 bus
143 2533 411 2601 Wacbsmuthius
423 2545 456 2600 et
467 2533 757 2602 Reifferscheidius
770 2543 955 2622 praeerant,
971 2534 1047 2598 dum
1061 2531 1167 2598 Iahnii

73 2639 310 2729 Ritscbeliique
335 2663 416 2726 erga
435 2664 487 2708 me
509 2640 737 2708 benevolentia
764 2640 883 2710 factum
908 2651 968 2718 cst,
999 2652 1034 2708 ut
1063 2642 1097 2705 in
1119 2663 1167 2708 ae·

39 2761 42 2768 '
73 2749 245 2814 minarinm
257 2749 496 2839 philologicum
507 2727 685 2837 reciperer,
705 2751 739 2832 in
752 2771 819 2835 quo
835 2772 894 2838 per
918 2760 968 2818 ter
990 2773 1059 2834 sex,
1075 2771 1164 2816 men·

73 2881 125 2926 ses
148 2858 279 2926 illorum
303 2859 461 2940 virorum,
484 2881 586 2924 unum
611 2880 689 2927 vero
709 2870 867 2926 semestre
894 2871 1025 2948 praeter
1048 2860 1166 2943 Iahnii,

73 2968 215 3054 Vseneri
238 2970 451 3037 saluberrima
474 2971 600 3048 fructus
633 2993 703 3038 snm
736 2969 919 3060 disciplina.
961 2971 1166 3044 Archaeolo-

73 3077 155 3163 gicis
185 3079 299 3146 studiis
329 3081 445 3148 Iahnic
479 3080 564 3148 duce
600 3101 732 3170 operam
764 3079 891 3163 navari,
924 3080 977 3168 qni
1011 3101 1072 3168 per
1100 3078 1165 3146 dno

72 3209 174 3253 annos
207 3187 370 3254 seminarii
401 3191 466 3269 aui,
480 3191 642 3258 seniorem
673 3214 724 3258 me
754 3212 825 3258 esse
858 3188 971 3258 voluit.
1025 3185 1070 3252 Vt
1099 3188 1166 3276 epi·

73 3293 243 3383 graphicis
267 3295 555 3366 exercitationibus
586 3300 778 3366 interessem
802 3298 946 3382 benigne
968 3296 1165 3377 Ritschelins

75 3403 253 3486 concessit,
280 3401 483 3491 Springerns
505 3405 647 3492 ‹len-ique
677 3430 729 3472 me
761 3406 890 3472 admisit
912 3405 953 3472 ad
975 3405 1162 3470 societatem

75 3534 138 3598 qun
159 3510 352 3578 recentioris
376 3513 455 3578 artis
478 3536 580 3602 opera
603 3517 784 3582 enarrabat.
818 3515 880 3582 His
902 3515 981 3580 viris
1005 3512 1166 3597 omnibns,

75 3621 192 3708 quibua
215 3619 320 3686 debeo
341 3621 500 3709 quidquid
522 3622 716 3710 praestitero
738 3624 860 3709 gratias
888 3645 951 3708 ago
981 3643 1078 3708 quam
1101 3645 1165 3687 mc·

73 3729 179 3794 ximas
203 3730 378 3817 praecipue
400 3753 477 3796 vcro
500 3755 574 3797 oum
596 3731 766 3799 Ritschelii
787 3743 856 3801 tum
870 3731 975 3798 Iahnii
998 3741 1030 3798 ct
1051 3730 1164 3818 Sprin·

73 3837 147 3924 geri
172 3838 373 3925 sempiterna
394 3840 483 3930 apud
504 3863 555 3908 me
583 3841 646 3908 erit
668 3841 834 3910 memoria.

491 4063 737 4076 ...--—-..—
