2840 4910
623 389 648 450 32

42 625 44 627 ,
89 568 173 634 iusto
195 566 314 632 diutins
336 569 491 653 neglecta
513 569 621 634 iacuit.
661 579 710 632 est
738 577 847 633 autern
879 571 1062 635 ιιοοιιιιιιιιι
1084 593 1185 636 causa

78 675 228 744 'marimo
257 675 447 758 dolendum,
477 677 578 762 quod,
598 677 666 743 nisi
694 677 902 759 rhetoricum,
934 677 1022 766 quod
1059 679 1184 760 dicuntr

84 785 300 863 involucrum,
322 795 476 850 accurate
512 785 681 873 cognitum
710 796 744 870 et
770 797 978 876 perspectum
1011 787 1179 870 habentus,

19 880 29 906 ⁸
84 892 335 981 sophisticarum
358 894 594 979 accessionum,
618 895 720 983 :qnam
747 895 975 980 flagitantur.
999 895 1053 964 dd.
1077 901 1182 962 soeret

84 1003 141 1086 tio,
172 1011 260 1066 certo
293 1002 628 1092 unde-proficiscatur
650 1004 987 1070 fundamento-carot.
1023 1005 1185 1091 atquierc

84 1111 179 1178 buius
202 1120 337 1199 prnatus
360 1109 444 1176 iusta
465 1112 687 1190 aestimatione
701 1112 825 1182 utilitas
835 1112 1093 1202 descriptionum
1106 1110 1185 1180 Phia

87 1218 314 1286 lostratearum
338 1221 662 1312 praecipuepcndot.
685 1223 816 1310 semper
832 1222 976 1288 euim'id
998 1223 1185 1288 teneriddtm

85 1335 143 1410 est,
165 1326 304 1412 repertis
327 1327 547 1404 monumentis
569 1330 624 1392 vel
646 1327 806 1417 plurimis,
836 1333 919 1412 quae
947 1330 994 1396 eir
1021 1331 1184 1408 conveni-1

83 1437 169 1516 rent,
192 1456 259 1498 non
279 1455 354 1499 eum
377 1431 412 1496 in
434 1433 702 1518 modnm'augori
724 1455 822 1522 posse
845 1435 1024 1502 rhetorum,
1042 1438 1184 1505 aucturis

82 1552 194 1625 tatem,
215 1557 251 1608 ut
272 1565 339 1608 non
362 1565 411 1624 es,
434 1565 516 1627 qnae
540 1542 618 1607 inde
640 1543 756 1609 lucrati
777 1543 970 1610 videbamur
996 1578 1037 1620 -s
1051 1539 1179 1612 seilicet

83 1675 148 1736 res,
174 1675 310 1738 quarum
341 1653 562 1738 cognitionem
584 1652 632 1717 eis
661 1653 737 1718 solis
763 1653 921 1720 debemus
943 1689 985 1713 -ι-
1005 1655 1129 1720 ιιιιιιιιι
1143 1654 1186 1720 i'nt

81 1785 240 1828 summam
272 1763 474 1828 devocentur
503 1761 738 1828 dubitationem
765 1765 820 1827 vel
853 1783 952 1828 ιιιιιιιιι
981 1764 1185 1848 figmentum:

2 1917 3 1922 ι
83 1880 232 1957 apertum
263 1870 290 1935 si
319 1869 643 1959 deprehenderimus,
676 1871 740 1936 nisi
758 1871 843 1937 forte
867 1907 906 1932 -n
929 1871 1082 1957 ld'qa'tcd
1099 1895 1185 1962 aare·
1248 1883 1253 1897 ¹

83 1979 268 2066 optabimus
292 2013 330 2026 —-
354 1987 535 2064 segregare
565 1978 598 2042 id
630 1988 718 2044 certa
745 1988 777 2043 et
804 1978 891 2044 haud
925 1979 1185 2060 dulduurnticnu
1294 1979 1297 1988 Α

81 2087 273 2174 contigerit.
995 2147 996 2152 ,

184 2196 291 2264 Non
281 2220 344 2262 ram
366 2195 420 2268 hic
444 2191 545 2261 dicam
572 2195 613 2262 de
635 2195 870 2264 Friederichsii
875 2198 1180 2325 ιιιιι9ιιιιι,ἰιιιιι

86 2293 267 2390 accuratius
297 2297 531 2392 examinanda,
563 2307 617 2393 qui
651 2297 840 2372 ornamenta
874 2331 956 2398 non
967 2308 1184 2406 eutripsecus1

87 2424 213 2480 tantum
236 2417 398 2504 applicata
414 2437 485 2480 esse
498 2417 638 2484 orationi
653 2417 733 2498 vult,
754 2416 839 2482 sed
812 2441 901 2505 rpsa
917 2387 1175 2504 descriptionum

84 2535 279 2608 argumenta
299 2548 318 2590 a
339 2523 443 2614 poetis
466 2544 697 2608 nonnunquam
721 2523 822 2611 petita
844 2522 1007 2603 affirmat,
1020 2543 1106 2604 nem,
1131 2543 1175 2596 rae

81 2631 274 2698 audaciores
295 2631 473 2716 videamur,
493 2631 637 2719 primum
657 2631 691 2695 in
713 2627 836 2715 earum,
867 2654 947 2716 quas
963 2629 1076 2718 prius
1097 2628 1176 2713 dixi,

81 2741 311 2805 accessionum
320 2751 465 2807 naturam
478 2741 644 2828 inquirere
654 2739 773 2828 placet,
785 2750 821 2805 ut
831 2739 1054 2825 intellegatur,¹
1064 2746 1184 2810 utrum¹
1277 2816 1282 2826 Ι

78 2869 203 2914 revera
223 2846 354 2937 semper
376 2859 438 2914 tam
462 2848 558 2914 facile
579 2847 730 2932 abstergi·
754 2847 822 2912 rel·
839 2845 939 2912 eximi
967 2839 1104 2968 possint,
1135 2852 1182 2912 ab·

78 2957 222 3024 veluti
159 2966 246 3022 ιιιι
269 2957 473 3024 ulceribus
464 2957 637 3022 interdum
653 2955 709 3021 de
716 2933 802 3020 vido
818 2952 941 3039 aliquid
957 2953 1011 3020 tit
1028 2946 1177 3021 redecan-

58 3069 168 3133 edum.
192 3091 256 3168 qua
278 3068 467 3155 quaestione
491 3067 597 3132 soluta
620 3065 721 3132 multo
748 3049 984 3137 confidentior
996 3045 1046 3128 ad
1061 3041 1111 3128 dif
1096 3063 1176 3129 ffici-

78 3177 198 3244 liorem
222 3160 312 3242 illam
333 3161 494 3260 accedere
513 3164 700 3261 possumus
690 3195 826 3264 quae
826 3182 877 3252 est
892 3161 932 3237 de
947 3138 1103 3236 intestirio
1117 3169 1175 3236 illc

78 3284 197 3350 morbo
210 3303 344 3369 prorsus
363 3277 547 3365 insanabili,
572 3299 668 3365 quem
681 3251 944 3345 Friedericlisius
947 3265 1184 3380 investigasse,

78 3392 142 3458 sibi
162 3389 254 3456 visus
276 3399 335 3456 est.
977 3439 981 3452 ,
1049 3441 1086 3470 ,
1178 3383 1184 3392 '

181 3497 250 3568 Sed
270 3507 444 3586 antequam
473 3496 551 3561 ad
542 3519 628 3583 ipsas
652 3494 811 3578 imagines
833 3457 1047 3576 transeamus,
1072 3513 1186 3576 uuae

76 3609 220 3676 rendum
241 3607 383 3690 videtur,
403 3629 481 3670 num
498 3603 650 3672 aliunde
641 3625 675 3667 ιιι
689 3603 878 3668 universum
891 3601 1015 3686 aliquid
1025 3611 1185 3668 statueret

76 3716 188 3795 liceat,
211 3714 298 3812 quod
320 3713 414 3778 nobis
434 3711 468 3776 in
490 3711 690 3777 aestimanda
709 3706 774 3775 fide
798 3718 830 3774 et
849 3707 961 3774 indole
983 3708 1185 3778 harum-*dae

75 3823 167 3914 scrip
171 3825 365 3907 tionum,ut
328 3822 504 3888 utilitatem
527 3822 671 3907 aliquam
683 3827 850 3907 praestare
871 3812 983 3903 possit,
1006 3813 1183 3905 undeque,

76 3929 159 4022 quid
182 3931 252 3995 lere
280 3930 319 3995 ab
346 3925 413 3996 illis
446 3927 703 4038 exspectandum
726 3925 775 4015 sit,
779 3925 1018 4010 intellegatur.
1063 3949 1184 4013 neque

77 4038 248 4106 Brunnius
272 4037 356 4104 hano
377 4037 602 4128 praetermisit
614 4031 852 4125 quaestionem,
871 4019 943 4104 cuin
965 4035 998 4101 in
1009 4019 1170 4128 tardema

76 4147 356 4218 commentatione
388 4148 434 4234 (p.
456 4146 545 4232 300),
576 4168 672 4232 quam
704 4145 745 4210 de
775 4144 969 4230 imaginibus
998 4117 1185 4236 protuleri

73 4261 288 4344 sententiam,
309 4254 494 4332 confirmari
514 4255 668 4338 affirmat,
693 4264 726 4334 ιι,
743 4253 999 4342 descriptionum
1022 4254 1183 4346 sophisti-
